1716 2970
148 139 177 182 6
660 135 1030 172 PROLEGOMENA.

150 256 288 302 gnam,
310 251 342 289 si
363 248 421 289 vel
442 261 528 289 cum
549 250 596 288 iis
615 247 827 287 contuleris
845 259 952 299 quae.
976 245 1091 286 modo
1119 245 1168 286 de
1195 244 1281 285 talis
1308 245 1410 286 dicta
1438 252 1540 291 sunt,

150 304 209 346 vel
243 305 386 345 dixeris
418 305 615 345 Socratem
650 315 783 343 senem
826 302 1011 342 maiorem
1045 300 1256 341 Theaeteto
1295 299 1542 341 adolescente

150 359 288 400 eodem
309 371 411 399 anno
431 360 604 399 futurum
626 371 711 398 esse
739 356 803 397 illo
823 357 1013 397 minorem
1041 357 1160 407 ipsius
1180 354 1281 395 mole
1312 367 1390 395 non
1417 356 1542 396 immi-

150 421 252 455 nuta.
282 413 362 455 Hac
383 415 484 455 enim
506 415 653 453 ratione
674 414 852 453 Socrates
871 417 1003 464 postea
1024 415 1083 451 est
1102 410 1205 463 quod
1226 417 1337 451 antea
1359 422 1435 450 non
1457 410 1542 457 fuit.

150 471 221 510 etsi
242 481 317 509 non
338 470 460 509 sactus
480 467 590 520 est¹).

260 525 370 571 Quod
399 524 631 564 Theaetetus
657 535 700 563 se
734 523 866 562 mirari
896 534 983 561 cum
1015 521 1181 566 diceret,
1218 521 1399 561 Socrates
1434 520 1543 560 valde

149 580 303 632 gatisus
324 585 399 624 est;
428 579 720 619 admirationem
750 579 852 617 enim
881 575 1148 628 philosophiae
1175 587 1259 617 esse
1279 576 1444 616 initium.
1496 575 1544 615 Ut

150 641 278 675 autem
298 634 393 674 haec
421 634 606 674 dubitatio
634 633 809 678 tollatur,
839 631 1122 684 penetrandum
1152 644 1237 671 esse
1258 632 1311 671 ait
1337 632 1376 671 in
1406 631 1543 671 Prota-

149 702 267 742 gorae
294 690 508 729 doctrinam
535 686 748 738 intimam2)
787 686 972 738 neglectis
1009 698 1145 726 eorum
1173 686 1441 738 opinionibus,
1478 687 1544 738 qui

150 744 244 784 nihil
265 746 337 783 nisi
365 745 467 796 quod
494 743 674 783 manibus
701 743 933 783 contrectari
966 742 1088 793 possit
1114 753 1248 781 revera
1278 754 1363 782 esse
1390 746 1541 794 putent.

149 799 253 839 llaec
272 800 388 849 igitur
408 800 638 850 Protagoras
665 799 779 838 docet
805 799 966 848 eiusque
998 802 1264 837 assectatores.
1314 796 1542 837 Universum

149 861 234 895 erat
254 855 391 899 motio,
413 855 593 893 motionis
613 859 741 893 autem
761 853 838 892 duo
859 864 1021 903 genera,
1049 852 1213 892 alterum
1234 862 1372 902 agens,
1393 853 1544 903 patiens

149 908 323 949 alterum.
356 910 538 949 Coeuntia
561 914 687 949 autem
709 910 810 947 inter
829 920 872 947 se
893 914 931 946 et
949 919 1105 947 sensum
1126 913 1313 958 generant
1333 913 1372 947 et
1386 907 1539 947 sensile.

150 965 295 1004 Sensus
314 971 403 1004 sunt
423 971 460 1005 et
481 965 656 1016 corporis
676 970 715 1004 et
734 965 851 1003 animi
871 962 1185 1002 innumerabiles.
1226 962 1478 1014 Respondent
1497 962 1542 1002 iis

148 1020 323 1064 sensilia,
346 1021 438 1059 visui
459 1019 626 1064 colores,
648 1018 732 1059 aliis
751 1018 838 1058 alia.
885 1018 963 1057 lam
984 1029 1076 1057 vero
1097 1018 1214 1057 motio
1235 1023 1301 1057 aut
1320 1016 1458 1057 celeris
1478 1022 1543 1057 aut

148 1074 257 1114 tarda
279 1081 348 1114 est.
380 1074 572 1126 Quidquid
592 1075 708 1126 igitur
727 1073 879 1114 tardum
901 1079 981 1118 est,
1010 1072 1147 1112 eodem
1167 1073 1254 1112 loco
1274 1079 1313 1111 et
1331 1072 1379 1112 ad
1400 1084 1541 1124 appro-

148 1130 371 1181 pinquantia
394 1135 568 1170 movetur
589 1136 626 1170 et
647 1131 695 1169 ita
713 1130 854 1181 gignit3
876 1140 975 1179 quae
995 1133 1124 1167 autem
1146 1127 1220 1167 hoc
1239 1127 1355 1167 modo
1375 1129 1542 1179 gignun-

149 1190 229 1230 tur,
262 1185 446 1225 celeriora
475 1191 582 1230 sunt;
618 1187 810 1235 agitantur
837 1184 939 1223 enim
968 1188 1007 1223 et
1033 1184 1072 1222 in
1101 1183 1309 1233 agitatione
1337 1194 1473 1223 eorum
1500 1183 1543 1222 fit

148 1241 282 1280 motio.
331 1239 384 1279 lta
406 1240 539 1279 oculus
560 1252 647 1279 cum
668 1239 794 1291 aliqua
822 1251 885 1284 re,
913 1250 1011 1289 quae
1038 1237 1111 1278 sub
1138 1237 1271 1277 oculos
1298 1238 1419 1282 cadit,
1451 1249 1542 1277 con·

148 1306 305 1346 gressus
325 1295 446 1346 gignit
465 1294 714 1335 albitudinem
736 1300 773 1333 et
799 1293 884 1333 alba
906 1293 1091 1332 cernendi
1118 1304 1289 1332 sensum.
1337 1293 1542 1344 Agitantur

149 1351 252 1389 enim
274 1356 312 1389 et
333 1351 450 1394 visus.
472 1351 536 1402 qui
557 1355 615 1389 est
635 1351 673 1388 in
695 1349 836 1395 oculis,
866 1354 902 1387 et
923 1348 1117 1392 albitudo,
1144 1360 1242 1400 quae
1263 1354 1323 1387 est
1342 1349 1381 1387 in
1400 1359 1445 1387 re
1465 1359 1543 1388 una

148 1416 235 1444 cum
264 1404 386 1444 oculis
413 1404 582 1444 colorem
612 1405 771 1448 edente.
800 1410 839 1443 et
864 1405 916 1443 ita
944 1403 1079 1443 oculus
1107 1403 1289 1455 impletur
1315 1404 1398 1442 visu
1426 1410 1543 1454 atque

148 1460 295 1499 exsistit
323 1460 457 1499 oculus
485 1461 635 1505 videns,
664 1460 766 1511 quod
795 1465 924 1498 autem
954 1470 1040 1499 cum
1068 1457 1182 1498 oculo
1209 1458 1330 1509 gignit
1355 1456 1540 1503 colorem,

147 1514 357 1555 albitudine
378 1515 701 1555 circumfunditur
721 1526 766 1554 ac
786 1515 827 1554 fit
846 1514 978 1554 album
999 1513 1192 1565 quiddam.
1226 1512 1369 1552 Eadem
1390 1514 1541 1552 ratione

148 1574 366 1609 ceterorum
413 1582 567 1622 quoque
611 1582 793 1610 sensuum
841 1570 1113 1620 perceptiones
1151 1567 1399 1619 accipiendae
1438 1574 1538 1607 sunt.

148 1623 315 1664 Omnino
335 1626 450 1676 igitur
470 1638 542 1665 nec
568 1626 671 1677 quod
699 1627 777 1676 agit
805 1637 876 1664 nec
904 1624 1008 1676 quod
1030 1625 1174 1675 patitur
1202 1635 1273 1675 per
1300 1635 1342 1663 se
1369 1629 1540 1668 constan

148 1678 312 1719 alterum
334 1682 435 1719 enim
456 1682 538 1720 sine
558 1681 679 1720 altero
707 1680 814 1720 nullo
842 1679 958 1719 modo
986 1691 1071 1719 esse
1091 1684 1217 1731 potest
1244 1683 1359 1729 atque
1387 1679 1421 1718 si
1448 1678 1542 1731 quid

147 1746 235 1773 cum
256 1746 299 1774 re
319 1736 483 1787 quadam
505 1736 755 1786 congreditur
775 1742 814 1775 et
834 1747 951 1786 agens
972 1741 1042 1779 est.
1064 1734 1115 1779 id,
1131 1733 1362 1786 simulatque
1381 1735 1421 1773 in
1438 1733 1542 1774 aliud

147 1789 301 1834 incidit,
322 1797 508 1842 protenus
528 1793 654 1842 ipsum
677 1792 754 1842 pati
775 1796 947 1842 apparet.
986 1790 1040 1829 Ex
1061 1789 1201 1840 quibus
1221 1788 1402 1829 omnibus
1422 1789 1541 1829 emei-

150 1851 231 1889 tur.
254 1850 296 1884 ut
316 1847 442 1885 omnia
464 1847 547 1886 fieri
567 1846 696 1891 alicui,
727 1846 822 1885 nihil
851 1857 1022 1897 unquam
1043 1856 1128 1885 esse
1156 1844 1452 1884 existimandum
1479 1845 1539 1888 sit,

149 1901 220 1939 etsi
239 1913 285 1940 ex
307 1901 582 1941 consuetudine
603 1908 640 1941 et
660 1901 858 1941 inscientia
880 1912 926 1940 eo
946 1900 1065 1940 verbo
1086 1899 1248 1939 multum
1269 1904 1434 1939 utamur.
1466 1899 1542 1939 Ne·

146 1966 222 2006 que
244 1954 362 1995 ullum
385 1968 525 1996 nomen
547 1958 726 2008 cuiquam
748 1958 806 1996 rei
827 1955 1096 1995 vindicandum
1118 1961 1193 2001 est,
1224 1966 1322 2007 quae
1344 1956 1379 1994 ei
1400 1966 1541 2006 perpe·

147 2015 251 2049 tuam
272 2017 589 2063 constantemque
610 2018 786 2052 naturam
807 2010 973 2056 tribuat,
994 2011 1061 2050 sed
1083 2017 1244 2050 naturae
1266 2011 1542 2049 convenienter

149 2064 355 2106 dicendum
376 2078 439 2106 res
459 2067 541 2106 fieri
562 2072 601 2107 et
620 2068 719 2107 efflei
736 2073 773 2106 et
794 2067 990 2118 corrumpi
1011 2071 1050 2105 et
1069 2066 1222 2106 mutari.
1255 2065 1334 2104 lam
1354 2076 1446 2104 vero
1463 2075 1541 2103 non

147 2125 294 2159 tantum
311 2121 503 2200 *clearchus
522 2122 682 2173 singuiis
699 2124 747 2162 ita
768 2122 1012 2162 statuendum
1034 2126 1104 2166 est,
1119 2120 1187 2160 sed
1208 2120 1323 2159 etiam
1344 2118 1392 2158 de
1407 2131 1540 2159 earum

146 2176 355 2226 generibus
381 2178 405 2226 ).

259 2230 361 2270 llaec
378 2231 696 2283 philosophorum
713 2237 918 2283 praecepta
930 2236 1131 2283 postquam
1150 2229 1384 2270 Theaetetus
1400 2230 1540 2270 mirum

147 2291 332 2335 quantum
354 2286 597 2338 approbavit.
620 2293 766 2326 restare
788 2287 967 2326 Socrates
993 2285 1280 2330 animadvertit.
1309 2290 1352 2324 ut
1377 2284 1426 2325 de
1453 2296 1542 2325 sen·

148 2351 260 2380 suum
281 2341 493 2381 mendaciis
513 2342 680 2386 dicatur,
705 2342 846 2394 quibus
867 2342 1043 2381 homines
1069 2342 1107 2379 in
1128 2341 1289 2381 somniis
1308 2346 1373 2379 aut
1394 2340 1541 2380 morbis

148 2401 214 2435 aut
233 2397 392 2436 insaniis
412 2397 451 2435 in
473 2409 647 2436 errorem
668 2397 919 2443 inducantur,
951 2408 1038 2437 cum
1060 2401 1208 2436 tantum
1228 2395 1344 2442 absit,
1375 2402 1416 2435 ut
1443 2407 1542 2447 quae

147 2462 354 2503 perperam
396 2453 658 2516 percipiantur
697 2464 832 2492 revera
866 2453 942 2491 sint
979 2463 1079 2502 quae
1115 2462 1200 2491 esse
1238 2450 1460 2495 videantur.
1501 2456 1543 2491 ut

151 2517 287 2546 eorum
309 2505 401 2546 nihil
423 2507 504 2547 iere
524 2508 583 2547 sit.
623 2509 670 2547 At
688 2509 922 2548 somniantes
943 2513 982 2546 et
1001 2506 1132 2558 vigiles
1152 2507 1267 2546 certis
1287 2507 1388 2545 notis
1407 2505 1542 2544 distin·

147 2562 214 2612 gui
235 2573 312 2601 non
332 2569 513 2614 possunt:
543 2563 691 2602 somnia
719 2564 821 2603 enim
843 2562 1081 2615 respondent
1109 2573 1158 2601 ex
1177 2560 1295 2601 altera
1318 2567 1427 2612 parte
1449 2562 1541 2612 vigi-

149 2614 219 2655 liis.
267 2616 363 2657 Cum
399 2624 527 2658 autem
563 2630 632 2669 par
666 2619 747 2658 sere
781 2619 830 2657 sit
863 2619 1064 2669 utriusque
1104 2617 1341 2657 condicionis
1374 2622 1538 2667 tempus,

239 2751 271 2789 l)
296 2760 330 2791 p.
352 2749 625 2784 leD—lbbc.
653 2751 701 2784 cf.
718 2761 788 2784 van
806 2749 990 2783 Hensdius
1005 2749 1040 2782 11
1057 2751 1078 2782 3
1094 2761 1131 2794 p.
1146 2750 1207 2783 147
1225 2759 1277 2792 sq.
1366 2748 1400 2789 2)
1427 2758 1457 2780 e.
1477 2748 1541 2782 xl.

147 2794 183 2832 3)
206 2802 235 2826 ο.
261 2795 330 2828 xu
354 2804 388 2837 p.
417 2795 689 2829 ibon—1570.
724 2796 770 2828 cf.
797 2805 869 2828 van
893 2793 1075 2827 Heusdius
1090 2795 1128 2829 11
1150 2796 1171 2828 3
1196 2804 1231 2837 p,
1250 2793 1312 2826 146
1328 2802 1381 2836 sq.
1406 2793 1470 2826 148
1484 2801 1544 2836 sq.
