1716 2970
633 109 1014 145 PROLEGOMENA.
1492 106 1551 148 39

115 231 294 268 censeat.
344 225 425 266 Nec
445 224 588 265 desunt
607 222 754 263 similes
775 222 863 262 loci.
914 222 1076 262 Theaet.
1105 234 1144 274 p.
1170 219 1292 262 192ss
1313 219 1440 265 QL¹A⁰
1469 233 1550 260 non

119 283 269 324 'habent
296 282 414 323 verba
444 280 537 321 ἔστι
565 277 614 321 δὲ
636 276 942 319 αἰσθάνεσθαι
971 290 1096 331 usque
1125 278 1175 318 ad
1204 276 1316 331 μηδὲ
1338 276 1549 318 αἰσθάνε-

122 342 253 386 σθαι,
272 351 371 391 quae
387 339 428 378 in
444 337 531 377 aliis
545 335 656 376 libris
677 336 875 388 leguntur.
908 335 950 375 P.
976 333 1057 375 192
1071 334 1099 374 Β
1122 334 1237 388 ἔχων
1258 331 1308 375 τό
1330 340 1551 387 μνημεῖον

121 393 274 449 ὀρθῶς
293 407 416 448 usque
444 393 492 433 ad
514 391 588 433 καὶ
614 390 880 433 αἰσθάνεται
901 392 1132 432 omittuntur
1154 393 1195 431 in
1223 391 1334 436 ἓΙΔ,
1357 390 1396 434 ἳῐ
1417 397 1548 431 autem

123 454 223 493 haec
254 452 371 492 habet
397 452 439 490 in
467 450 660 501 margine:
693 447 743 489 ἐν
768 445 922 496 ἄλλοις
947 446 1021 488 καὶ
1052 448 1209 488 ταῦτα.
1255 444 1305 487 τὸ
1331 452 1551 500 μνημεῖον

124 506 274 560 ὀρθῶς
301 530 356 536 -
388 504 464 547 καὶ
493 503 759 546 αἰσθάνεται
791 504 924 558 ἔχων,
965 505 1069 545 unde
1102 503 1346 555 intellegitur
1381 516 1429 543 ex
1464 503 1550 543 aliis

124 563 411 616 exemplaribus
433 563 531 602 haec
552 564 790 614 transcripta
821 574 918 602 esse.
970 561 1094 602 Nemo
1126 566 1275 607 autem,
1308 561 1469 613 opinor,
1500 559 1549 599 ab

123 622 282 662 homine
314 620 505 672 quodam,
537 620 604 671 qui
632 618 775 658 librum
804 617 1042 658 deteriorem
1069 619 1245 670 scripsit,
1278 629 1378 670 quae
1408 617 1551 657 desunt

103 677 300 730 --suppleta
323 689 408 716 esse
430 675 593 727 putabit.
635 675 884 715 Contrarium
906 675 1048 715 accidit
1068 687 1105 726 p.
1132 672 1267 720 1900,
1291 673 1360 713 ubi
1381 673 1557 716 QiAHI'

123 734 252 774 verbis
272 732 491 777 abundant.;
515 732 642 771 addita
665 733 768 771 enim
797 733 844 771 iis
865 736 957 771 sunt
977 731 1093 771 haec:
1125 729 1243 784 ῥῆμα
1273 729 1347 771 ἐπὶ
1375 730 1468 770 τῶν
1498 728 1549 770 ἐν

117 788 267 844 μέρει,
291 784 445 842 ἐπειδὴ
467 784 516 829 τὸ
538 786 656 842 ῥῆμα
676 785 833 840 ἕτερον
853 788 914 842 τῷ
936 784 1071 842 ἑτέρῳ
1092 784 1205 827 κατὰ
1234 785 1353 840 ῥῆμα
1381 782 1549 826 ταύτόν

118 845 268 898 ἐστιν,
299 857 400 898 quae
432 845 548 885 verba
571 845 720 884 ZBCa
750 846 791 883 in
821 845 998 896 margine
1029 843 1195 890 habent,
1226 843 1291 883 alii
1320 842 1413 883 libri
1440 850 1548 882 recte

112 904 317 943 omittunt.

234 958 424 1000 Cobetum
445 958 565 1008 igitur
586 957 659 997 etsi
687 956 760 996 hac
788 958 829 996 in
850 969 894 996 re
915 958 1028 1008 sequi
1055 968 1135 996 non
1157 968 1386 1009 possumus,
1416 961 1548 995 tamen

113 1028 168 1055 ex
200 1016 266 1061 iis,
302 1026 403 1066 quae
431 1026 452 1053 a
487 1013 602 1053 nobis
638 1013 754 1053 modo
792 1014 965 1065 exposita
1001 1019 1110 1060 sunt,
1148 1019 1229 1053 tres
1264 1012 1353 1053 illos
1389 1012 1548 1053 codices

117 1071 285 1117 QAH,
324 1070 468 1123 quibus
507 1070 742 1123 plerumque
780 1070 930 1110 accedit
958 1069 1015 1116 Γ,
1055 1083 1101 1109 ex
1141 1071 1342 1110 communi
1378 1069 1548 1121 quodam

118 1129 227 1168 sonte
247 1128 443 1179 prodiisse
464 1127 556 1166 satis
577 1126 793 1179 apparebit.
825 1126 960 1179 Itaque
982 1126 1022 1166 hi
1042 1125 1133 1165 libri
1154 1126 1418 1179 praestantior
1440 1125 1546 1165 codi-

116 1197 210 1224 cum
233 1183 378 1223 familia
397 1183 576 1223 habenda
608 1188 667 1223 est
698 1188 736 1222 et
756 1184 833 1222 iam
856 1182 922 1222 diu
943 1182 991 1222 ab
1023 1182 1206 1223 omnibus
1226 1181 1454 1222 hominibus
1475 1182 1547 1222 do-

117 1242 192 1280 ctis
214 1239 360 1279 habita.
410 1240 591 1280 Deterior
613 1245 672 1279 est
693 1238 835 1279 familia
859 1239 1103 1291 reliquorum
1124 1239 1336 1284 librorum,
1360 1240 1428 1291 qui
1449 1251 1547 1291 quo-

120 1296 238 1336 modo
259 1297 362 1335 inter
384 1307 427 1335 se
448 1296 685 1335 cohaereant
705 1295 976 1336 difficillimum
999 1301 1057 1335 est
1078 1295 1198 1336 dictu.
1249 1295 1412 1335 Plurimi
1442 1297 1548 1335 enim

120 1358 212 1392 sunt
233 1358 271 1392 et
292 1353 485 1392 variantes
507 1364 642 1392 eorum
665 1353 887 1403 scripturae
908 1364 988 1391 non
1016 1356 1124 1392 tanta
1145 1352 1346 1404 diligentia
1367 1358 1459 1391 sunt
1480 1352 1548 1392 de·

119 1409 308 1462 scriptae,
340 1415 382 1448 ut
409 1409 502 1448 satis
536 1408 584 1448 de
612 1409 660 1448 iis
699 1409 856 1448 sciatur.
907 1409 963 1448 Eo
993 1408 1162 1453 accedit,
1193 1409 1297 1460 quod
1333 1408 1548 1448 similitudo

120 1477 260 1505 eorum
281 1470 340 1504 est
367 1465 548 1505 maxima.
598 1465 707 1504 Inter
735 1470 942 1517 utramque
971 1470 1101 1505 autem
1133 1465 1318 1505 familiam
1350 1463 1548 1505 vinculum

121 1521 318 1573 quoddam
339 1527 416 1567 est,
440 1520 547 1573 quod
576 1533 655 1560 non
688 1533 1039 1572 cognosceremuS‚
1070 1522 1146 1562 nisi
1166 1521 1371 1561 Bekkerus
1399 1522 1548 1561 maiore

117 1577 323 1629 diligentia
344 1577 632 1630 quam·Bastius
653 1576 797 1617 librum
815 1579 864 1617 H
875 1579 1123 1618 excussisset.
1155 1578 1288 1618 Prima
1310 1579 1415 1618 enim
1432 1578 1548 1617 huius

120 1633 266 1674 codicis
296 1645 435 1674 manus
469 1633 649 1685 plurimis
687 1633 783 1674 locis
822 1646 913 1674 cum
940 1633 1031 1677 ἩΔ
1058 1636 1273 1681 consentit,
1306 1634 1428 1674 altera
1465 1635 1548 1674 eius

119 1703 259 1730 manus
279 1689 467 1730 lectiones
488 1690 651 1741 praebet
671 1697 848 1742 sumptas
869 1703 890 1730 e
910 1690 1021 1730 libris
1043 1691 1252 1731 deterioris
1274 1691 1436 1731 ordinis.

234 1745 342 1791 Quae
370 1758 460 1787 cum
489 1748 542 1786 ita
572 1759 613 1786 se
644 1746 833 1792 habeant,
863 1747 1008 1799 siquid
1038 1749 1156 1787 trium
1184 1747 1343 1788 illorum
1365 1748 1548 1787 codicum

118 1803 346 1843 testimonio
365 1803 595 1854 gravissimo
618 1803 893 1843 confirmatum
913 1808 991 1850 est,
1021 1805 1114 1844 satis
1136 1817 1222 1844 esse
1243 1804 1337 1844 duxi
1357 1803 1549 1855 neglectis

122 1858 208 1898 aliis
228 1857 339 1898 libris
360 1871 498 1898 eorum
518 1860 628 1911 signa
651 1861 901 1912 apposuisse;
931 1862 964 1899 si
985 1867 1115 1900 autem
1144 1862 1185 1900 in
1212 1861 1257 1900 iis
1287 1873 1402 1900 error
1422 1862 1548 1900 mani-

122 1914 248 1954 festus
269 1914 595 1965 deprehenditur,
618 1915 682 1954 alii
703 1921 822 1956 testes
842 1929 1127 1969 nonnunquam
1150 1916 1364 1957 adhibendi
1385 1924 1490 1957 sunt.

236 1970 306 2009 His
335 1970 455 2010 rebus
483 1971 532 2010 de
559 1971 739 2011 codicum
767 1972 987 2012 rationibus
1022 1979 1060 2012 et
1096 1974 1328 2013 auctoritate
1363 1974 1550 2026 expositis

122 2025 311 2066 nonnulla
332 2025 460 2077 placet
481 2027 528 2066 de
556 2028 732 2068 minutiis
762 2028 993 2079 quibusdam
1026 2041 1244 2080 exponere,
1276 2042 1376 2083 quae
1407 2029 1550 2069 melius

123 2094 201 2122 uno
229 2083 270 2121 in
298 2088 512 2134 conspectu
541 2089 760 2135 ponuntur,
801 2097 918 2136 quam
954 2086 996 2124 in
1032 2088 1315 2126 commentario
1352 2088 1436 2138 ipso
1476 2099 1548 2127 suo

118 2138 295 2191 quidque
314 2138 402 2179 loco
425 2139 719 2191 disperguntur.

235 2197 361 2248 Atque
383 2197 554 2247 primum
577 2196 735 2247 quidem
764 2196 950 2236 nonnulla
979 2197 1027 2238 de
1049 2211 1096 2238 eo
1116 2197 1217 2238 libro
1248 2199 1424 2239 dicturus
1446 2210 1545 2245 sum,

123 2252 189 2303 qui
208 2253 242 2291 si
262 2256 301 2291 et
321 2258 487 2292 aetatem
516 2258 671 2305 spectas
692 2260 730 2292 et
758 2255 1058 2306 praestantiam,
1090 2256 1266 2295 omnium
1292 2255 1408 2306 longe
1439 2257 1550 2307 prin-

117 2319 216 2359 ceps
237 2313 314 2353 est,
336 2308 385 2347 de
406 2309 541 2348 codice
563 2309 782 2350 Clarkiano.
834 2310 921 2350 Non
941 2323 1066 2362 pauca
1088 2313 1192 2352 enim
1214 2318 1325 2359 sunt,
1359 2324 1459 2364 quae
1482 2314 1550 2351 uni

121 2364 215 2404 huic
234 2363 336 2404 libro
358 2364 566 2405 debentur.

235 2421 358 2460 Huius
387 2421 478 2461 libri
507 2423 729 2462 auctoritati
756 2424 888 2474 parui,
919 2436 1011 2463 cum
1039 2424 1240 2463 infinitivis
1268 2426 1310 2464 in
1340 2425 1396 2464 ἄν
1427 2430 1466 2464 et
1491 2425 1551 2477 ῆν

118 2489 213 2517 ωτι]
235 2477 342 2517 Astio
365 2477 618 2518 Stallbaumio
639 2478 860 2531 Hirschigio
890 2494 905 2519 ι
926 2476 1252 2533 ἀνεκφεόνητον
1282 2480 1546 2525 detraherem,

123 2545 360 2585 quamquam
381 2534 421 2574 id
451 2536 626 2574 retinent
656 2534 859 2575 Bekkerus
880 2536 1118 2577 Turicenses
1139 2537 1402 2577 Hermannus.
1453 2538 1550 2577 Eam

119 2590 228 2638 enim
250 2589 420 2630 litteram
453 2602 652 2643 nuntpiam
682 2592 919 2644 adscriptam
949 2605 1034 2632 esse
1056 2592 1340 2646 Gaisfordius1)
1371 2599 1549 2633 testatur.

124 2644 260 2697 Neque
282 2658 365 2686 eam
387 2647 428 2685 in
448 2647 537 2687 Par.
559 2649 590 2687 A
612 2649 740 2688 notari
760 2650 941 2688 meminit
961 2649 1227 2690 Schneiderus
1237 2648 1279 2702 2).

238 2700 332 2741 Aliis
359 2707 489 2743 tamen
518 2703 681 2744 vocibus
709 2705 807 2744 haec
835 2704 963 2745 littera
991 2705 1094 2746 libro
1125 2707 1331 2747 Clarkiano
1361 2705 1552 2746 suadente

218 2824 251 2866 1)
278 2829 403 2858 annot.
429 2825 476 2858 ad
500 2827 702 2871 Euthyphr.
729 2828 802 2862 3D.
873 2829 908 2871 2)
934 2829 1052 2872 praef.
1078 2830 1125 2862 ad
1151 2831 1220 2863 civ.
1246 2830 1264 2863 I
1289 2840 1323 2872 p.
1348 2829 1472 2864 LVIII
1496 2840 1551 2872 sq.
