1748 2950
626 87 926 123 OEAITHTOE.
1405 82 1487 124 175

171 215 332 256 ΘΕΑΙ.
372 205 563 265 ’Ἀπορον
588 208 759 262 αἵρεσιν
782 207 1024 262 προτίθης,
1051 221 1085 247 ω
1112 199 1361 258 Σώκρατες.

177 283 268 324 Σῼ.
314 273 444 322 Ἀλλά
480 276 628 333 μέντοι
659 269 889 354 ἀμφότερά
927 288 978 328 γε
1009 267 1266 315 κινδυνεύει
1299 264 1322 314 ὁ
1360 268 1489 325 λόγος
1513 279 1547 310 D

67 343 153 393 οὐκ
178 345 338 391 ἐάσειν.
384 341 501 401 ὅμως
524 342 598 400 δέ,
624 339 768 387 πάντα
792 339 878 398 γὰρ
902 338 1163 396 τολμητέον,
1187 340 1236 382 τί
1256 340 1297 382 εἰ
1321 337 1491 395 ἐπεχει-

70 412 268 474 ρήσαμεν
291 411 626 470 ἀναισχυντεῖνς

19 495 36 520 5
174 486 334 527 ΘΕΑΙ.
384 480 514 534 Παῖς;

171 555 271 595 Σῼ.
316 544 632 604 Ἐθελήσαντες
666 549 809 591 εἰπεῖν
841 541 971 589 ποῖόν
1003 547 1049 587 τί
1070 540 1167 588 ποτ’
1197 542 1288 587 ἐστὶ
1319 538 1368 586 τὸ
1401 542 1494 586 ἐπί-

72 624 274 663 στασθαι.

174 690 336 730 ΘΕΑΙ.
384 684 474 729 Καὶ
497 686 544 728 τί
563 683 691 727 τοῦτο
714 677 1036 738 άναίσχυντον;
1323 713 1326 715 .

173 758 273 798 ΣΩ.
309 750 487 803 ’Ἑοικας
511 747 593 796 οὐκ
618 751 791 795 ἐννοεῖν
814 745 880 793 ὅτι
904 749 989 800 πᾶς
1013 745 1121 804 ἡμῖν
1147 748 1190 800 ἐξ
1214 743 1352 804 ἀρχῆς
1375 743 1399 790 ὃ
1424 743 1495 790 λό-

22 834 56 860 10
74 840 149 878 γος
191 818 363 877 ζήτησις
405 819 588 879 γέγονεν
627 814 865 874 ἐπιστήμης
912 814 968 868 ὡς
1008 811 1091 859 οὐκ
1126 812 1268 860 εἰδόσι
1311 818 1356 858 τί
1395 809 1495 858 ποτ’

75 891 208 934 ἐστίν.

178 951 548 1001 ΘΕΑ1.Ἐννοῶ
570 952 651 1011 μὲν
676 945 770 997 οὖν.

178 1028 276 1068 ΣΩ.
302 1019 469 1068 ”Επειτ’
498 1018 582 1067 οὐκ
605 1018 784 1072 ἀναιδὲς
810 1023 947 1076 δοκεῖ,
973 1015 1032 1077 μὴ
1059 1016 1231 1071 εἰδότας
1257 1016 1499 1074 ἐπιστήμην

76 1089 411 1148 ἀποφαίνεσθαι
446 1089 494 1135 τὸ
529 1090 795 1134 ἐπίστασθαι
838 1084 934 1133 οἷόν
967 1089 1113 1140 ἐστιν;
1166 1083 1279 1130 ἀλλά
1319 1083 1499 1142 γάρ,ω

27 1172 60 1198 15
79 1162 314 1216 Θεαίτητε,
339 1156 475 1203 πάλαι
500 1156 632 1215 ἐσμεν
664 1153 873 1216 ἀνάπλεῳ
903 1157 982 1200 τοῦ
1013 1152 1072 1213 μὴ
1106 1157 1316 1213 καθαρῶς
1349 1153 1498 1198 διαλέ-
1523 1162 1553 1193 Ε

79 1233 255 1284 γεσθαι.
315 1223 522 1284 μυριάκις
551 1222 636 1283 γάρ
662 1221 901 1282 εἰρήκαμεν
932 1221 980 1268 τὸ
1005 1221 1311 1280 γιγνώσκομεν
1342 1222 1418 1266 καὶ
1442 1219 1497 1266 οὐ

79 1292 408 1351 γιγνώσκομεν,
441 1293 516 1338 καὶ
541 1289 816 1350 ἐπιστάμεθα
847 1291 920 1336 καὶ
946 1309 1028 1336 ουκ
1053 1288 1350 1347 ἐπιστάμεθα,
1377 1308 1436 1341 ως
1459 1307 1502 1334 τι

82 1361 308 1414 συνιέντες
331 1357 537 1418 ἀλλήλων
568 1362 617 1405 ἐν
643 1379 676 1404 ω
702 1363 765 1404 ἔτι
798 1356 1043 1416 ἐπιστήμην
1074 1356 1342 1440 ἀγνοοῦμεν,
1388 1361 1429 1403 εἰ
1454 1357 1503 1402 δε

82 1427 255 1486 βούλει,
281 1429 355 1474 καὶ
379 1430 464 1474 νῦν
488 1430 537 1473 ἐν
566 1431 627 1490 τῷ
650 1425 837 1484 παρόντι
869 1423 1109 1485 κεχρήμεθ’
1137 1427 1194 1471 αὐ
1226 1427 1288 1487 τῷ
1319 1423 1504 1482 ἀγνοεῖν

30 1514 64 1540 20
82 1515 130 1542 τε
153 1498 227 1542 καὶ
251 1498 475 1553 συνιέναι,
502 1494 561 1549 ὦς
585 1497 810 1553 προσῆκον
836 1491 986 1547 αυτοῖς
1011 1497 1229 1553 χρῆσθαι,
1257 1499 1383 1551 εἰπερ
1409 1509 1503 1539 στε-

83 1563 254 1623 ρόμεθα
279 1564 529 1622 ἐπιστήμης.

187 1638 344 1678 ΘΕΑΙ.
375 1629 507 1677 Ἀλλὰ
531 1636 630 1677 τίνα
655 1630 820 1689 τρόπον
839 1632 1043 1688 διαλέξει,
1070 1624 1104 1675 ὦ
1124 1628 1379 1688 Σώκρατες,
1404 1627 1504 1675 τού-

84 1718 174 1745 των
196 1697 488 1758 ἀπεχόμενοςς

188 1773 287 1812 ΣΩ.
328 1765 505 1813 Οὐδένα
530 1764 592 1812 ω”ν
615 1786 666 1824 γε
689 1764 736 1820 ὃς
763 1771 856 1824 εἰμί
865 1777 874 1786 ·
901 1770 943 1811 εἰ
964 1767 1112 1824 μέντοι
1136 1758 1194 1822 ἦν
1217 1763 1505 1823 ἀντιλογικός,
1533 1774 1596 1806 197

36 1852 69 1877 25
87 1830 178 1886 οἷος
202 1831 315 1892 ἀνὴρ
341 1838 380 1879 εἰ
403 1835 477 1879 καὶ
500 1836 586 1879 νῦν
609 1837 781 1892 παρῆν,
805 1831 976 1879 τούτων
1000 1832 1038 1878 τ’
1068 1830 1124 1878 ἂν
1150 1839 1235 1891 ἔφη
1260 1831 1507 1892 ἀπέχεσθαι

178 1946 198 1976 3
216 1937 515 1986 ἐπεχειρήσαμεν
534 1943 770 1976 Steinhartus
787 1954 820 1986 p.
838 1945 900 1975 211
920 1954 955 1977 n.
973 1945 1033 1984 66,
1053 1938 1342 1986 ἐπιχειρήσομεν
1358 1944 1408 1985 Λ,
1427 1937 1508 1976 ἐπι-

86 1985 334 2032 χειρήσαιμεν
351 1997 383 2024 ς.

146 2080 166 2111 3
228 2072 356 2111 πάντα
411 2075 483 2122 γὰρ
539 2075 759 2121 τολμητέον,
830 2079 935 2111 237Β
962 2075 1057 2131 Περὶ
1079 2074 1224 2117 παντὸς
1246 2096 1290 2101 —-
1313 2077 1385 2121 μιά
1409 2072 1507 2132 ἀρχὴ

91 2124 235 2156 omnia
261 2125 375 2155 enim
401 2127 505 2156 sunt
527 2125 760 2157 sustinen-
830 2125 913 2161 τοῖς
952 2120 1131 2177 μέλλουσι
1170 2123 1294 2162 καλῶς
1335 2123 1509 2176 βουλευε-

91 2168 155 2203 da.
196 2167 338 2209 τολμᾶν
370 2170 465 2201 enim
492 2168 590 2201 idem
619 2179 761 2211 quoque
832 2169 946 2201 σθαι
973 2165 1122 2202 εἰδέναι
1149 2168 1216 2202 δεῖ
1231 2167 1319 2224 περὶ
1342 2161 1388 2203 οὗ
1412 2162 1460 2202 ἂν
1484 2161 1509 2214 ᾗ

89 2212 290 2255 significat,
338 2214 434 2256 quod
480 2213 584 2248 τλᾶν.
657 2213 761 2249 Conf.
829 2210 856 2265 ἡ
888 2208 1008 2265 βουλὴ
1038 2207 1062 2255 ἦ
1091 2209 1236 2253 παντὸς
1271 2210 1508 2257 ἁμαρτάνειν

89 2258 297 2291 Boeckhius
313 2259 351 2291 in
368 2259 528 2292 Minoem
543 2269 578 2301 p.
598 2260 672 2292 142.
832 2253 995 2310 ἀνάγκη.

136 2298 446 2346 ἐπεχειρήσαμεν.
510 2304 591 2337 Non
631 2304 676 2337 de
709 2304 762 2336 fu·
877 2305 922 2336 24
936 2314 978 2342 ος
996 2304 1092 2336 idem
1109 2304 1186 2337 fere
1204 2305 1299 2347 quod
1316 2302 1408 2344 οἶος.
1452 2305 1509 2338 Cf.

91 2351 173 2381 turo
191 2348 345 2390 quodam
372 2353 506 2382 conatu
523 2349 632 2382 Plato
647 2349 763 2391 loqui·
833 2349 879 2382 ad
890 2360 931 2401 p.
949 2348 1063 2383 1910.

92 2396 169 2435 tur,
186 2393 250 2426 sed
273 2394 316 2426 de
340 2404 400 2433 eo,
425 2395 488 2436 qui
511 2394 583 2426 iam
609 2394 765 2427 effectus
878 2390 1127 2436 ἀντιλογικός.
1154 2394 1211 2426 Cf.
1229 2395 1277 2427 ad
1294 2406 1328 2438 p
1350 2395 1462 2428 1640.

84 2441 162 2470 est.
213 2438 283 2470 Cui
321 2441 374 2471 rei
413 2440 548 2481 optime
590 2439 766 2472 convenit
878 2440 922 2472 25
954 2438 1098 2473 τούτων
1121 2435 1156 2472 τ’
1181 2451 1231 2473 αν
1254 2436 1344 2493 ξφη.
1383 2441 1511 2474 ‘Prior

94 2476 361 2535 ἐθελήσαντες,
372 2484 669 2527 quamquamhoc
682 2494 764 2527 par-
833 2487 1020 2518 structura
1042 2481 1078 2518 εἰ
1092 2482 1225 2527 μέντοι
1247 2476 1296 2529 ἦν
1319 2480 1510 2539 αντιλογι-

93 2527 262 2570 ticipinm
293 2529 406 2562 etiam
438 2529 549 2562 aliter
589 2529 766 2572 explicari
835 2524 902 2567 κὸς
918 2533 1069 2581 propter
1082 2530 1247 2563 additum
1262 2525 1380 2569 οἷος’
1357 2528 1456 2574 ανὴρ
1475 2528 1511 2564 εἰ

96 2572 479 2626 potest.‚Cf.Grase1-i
489 2585 594 2626 spec.
612 2585 646 2618 p.
665 2576 720 2608 73.
835 2572 902 2607 καὶ
918 2573 990 2608 νῦν
1010 2575 1140 2618 παρῆν
1162 2586 1311 2618 prorsus
1334 2576 1511 2618 relinqui-

143 2618 186 2650 15
220 2613 431 2658 ἀνάπλεως·
466 2613 767 2673 ἄναπεπλησμέ-
837 2623 899 2652 tux
915 2623 953 2652 et
969 2620 1142 2662 apodosis
1165 2621 1274 2654 alteri
1297 2622 1381 2654 huic
1398 2631 1512 2654 enun—

97 2672 173 2700 νος.
205 2661 349 2715 χρῆται
381 2661 427 2698 δε
459 2659 522 2698 ἐπὶ
555 2664 623 2698 τοῦ
654 2675 766 2707 μεμο
837 2665 932 2697 tiato
950 2665 1100 2698 additur
1122 2666 1242 2708 priore
1261 2676 1410 2709 prorsus
1426 2676 1512 2708 neg-

98 2702 297 2748 λυσμένου.
346 2709 438 2744 Tim.
429 2734 456 2752 .,
499 2710 546 2742 ad
588 2719 694 2752 quem
732 2720 767 2743 v.
837 2709 965 2744 lecto-²
1027 2711 1357 2753 ENGELHABDTUS‚
1403 2721 1509 2744 anae.

94 2751 243 2785 Ruhnk.
260 2762 294 2795 p.
311 2754 364 2786 31.
837 2754 1054 2810 P1.1p.36.

141 2795 324 2839 καθαρῶς
337 2795 769 2843 διαλέγεσθαι,Ρ11ειεᾶι-.
900 2792 949 2834 ὂῖν
987 2811 1063 2844 εφη
1101 2794 1331 2845 ἀπέχεσθαι.
1394 2802 1511 2835 Inter-
