1742 2938
685 94 984 131 ΘΕΑΙΤΗΤΟΣ.

1473 91 1556 135 113

123 212 256 275 φόβῳ
281 211 592 272 ἀγωνιζόμεθα
626 215 689 265 είς
711 208 765 256 τά
789 212 975 268 ἑαυτοῦ,
1011 210 1085 256 καὶ
1117 210 1428 270 χαριεντισμόν
1453 229 1555 256 τινα

126 281 382 339 ἀποκαλῶν,
406 277 732 339 ἀποσεμνύνων
752 279 802 325 δὲ
825 277 874 325 τὸ
900 276 1081 324 πάντων
1105 278 1282 337 μέτρον,
1302 275 1555 324 σπουδάσαι

126 349 240 409 ἡμᾶς
266 346 574 396 διεκελεύσατο
598 347 700 406 περὶ
724 345 802 393 τὸν
826 345 966 393 αὑτοῦ
989 344 1148 404 λόγον;

234 423 364 464 ΘΕΟ.
403 418 509 470 Πῶς
532 414 617 475 γὰρ
642 413 726 462 οὐκ
751 413 990 474 ἐνενόησα,
1016 408 1050 460 ὦ
1076 412 1338 473 Σώκρατεςς

90 500 110 526 ⁴5
231 491 329 531 ΣΩ.

232 558 363 599 ΘΕΟ.
404 550 595 610 Σφόδρα
619 570 682 610 γε.

373 487 431 531 Τί
450 479 554 539 oiim
591 481 789 536 κελεύεις
813 487 1056 529 πείθεσθαι
1080 479 1224 544 αὐτῷ·
1214 518 1225 537 ,

231 626 330 666 Σῼ.
361 618 490 680 Ὁρᾷς
514 612 597 665 οὖν
615 617 682 665 ὅτι
700 617 807 664 τάδε
826 617 972 665 πάντα
990 618 1107 677 πλὴν
1126 621 1208 664 σοῦ
1227 622 1385 664 παιδία
1410 620 1554 674 ἐστίνς

129 692 170 734 εἰ
192 681 275 734 οὖν
299 685 547 746 πεισόμεθα
570 689 632 749 τῷ
655 685 814 744 ἀνδρί,
851 687 925 746 ἐμὲ
950 687 1024 732 καὶ
1059 686 1109 732 σὲ
1136 689 1205 732 δεῖ
1230 684 1485 744 ε’ρωτῶντάς
1508 704 1556 732 τε

127 756 201 802 καὶ
234 753 612 815 ἀποκρινομένους
642 752 848 813 ἀλλήλοις
881 753 1132 800 σπουδάσαι
1168 752 1309 800 αὐτοῦ
1341 756 1444 813 περὶ
1477 753 1554 800 τὸν
1578 761 1609 795 Ε

76 841 111 867 10
130 821 284 882 λόγον,
321 826 396 869 ἵνα
420 821 482 881 μή
505 842 572 868 τοι
604 822 733 868 τοῦτό
767 842 818 880 γε
855 826 931 881 ἔχῃ
968 824 1198 880 ἐγκαλεῖν,
1233 820 1292 875 ὡς
1322 827 1555 878 παίζοντες

129 890 237 951 πρὸς
260 888 464 950 μειράκια
491 888 811 949 διεσκεψάμεθ’
838 888 980 936 αὐτοῦ
1000 888 1079 936 τὸν
1103 888 1250 948 λόγον.

233 965 364 1005 ΘΕΟ.
422 963 476 1004 Τί
512 955 581 1015 δ’;
629 956 684 1004 οὐ
729 962 908 1004 πολλῶν
951 977 1019 1004 τοι
1056 961 1295 1016 Θεαίτητος
1334 956 1555 1017 μεγάλους

128 1024 344 1085 πώγωνας
377 1024 569 1085 ἐχόντων
592 1026 776 1085 ἄμεινον
806 1022 863 1073 ἂν
897 1024 1277 1084 ἐπακολουθήσειε
1310 1024 1427 1088 λόγῳ
1463 1030 1554 1073 διε-

129 1095 396 1155 ρευνωμένςο
412 1116 423 1150 ;

78 1179 112 1205 15

231 1168 331 1209 Σῼ.
362 1159 479 1208 Ἀλλ’
510 1159 565 1207 οὔ
588 1181 629 1207 τι
653 1165 735 1208 σοῦ
759 1181 824 1220 γε,
851 1155 884 1207 ὦ
912 1159 1132 1220 Θεόδωρε,
1157 1159 1351 1220 ἄμεινον.
1389 1161 1448 1221 μὴ
1474 1155 1557 1209 οὖν

129 1235 228 1275 οἴου
250 1229 324 1287 ἐμὲ
342 1229 423 1288 μὲν
440 1231 502 1290 τῷ
523 1231 589 1290 σῷ
608 1230 769 1291 ἑταίρω
788 1229 1116 1288 τετελευτηκότι
1138 1233 1235 1276 δεῖν
1253 1230 1386 1276 παντὶ
1405 1229 1555 1292 τρόπω

132 1297 394 1356 ἐπαμύνειν,
420 1297 470 1343 σὲ
495 1297 543 1342 δὲ
567 1300 755 1355 μηδενί,
781 1294 882 1342 ἀλλ’
911 1304 1002 1354 ἴθι,
1029 1293 1063 1343 ὦ
1087 1295 1253 1355 ἄριστε,
1279 1294 1434 1356 ὀλίγον
1460 1299 1557 1344 ἐπί-

131 1374 271 1423 σπου,
297 1366 423 1424 μέχρι
441 1364 602 1411 τούτου
621 1361 763 1411 αὐτοῦ
784 1367 868 1419 ἕως
892 1360 949 1411 ἀν
973 1367 1163 1424 εἰδῶμεν
1189 1371 1277 1411 εἴτε
1302 1363 1387 1425 ἄρα
1412 1366 1463 1411 σε
1489 1369 1559 1412 δεῖ

131 1433 476 1492 διαγραμμάτων
500 1433 601 1491 πέρι
624 1434 785 1492 μέτρον
811 1433 949 1491 εἶναι,
983 1440 1071 1479 εἴτε
1095 1433 1258 1487 πάντες
1290 1433 1453 1492 ὁμοίως
1487 1435 1558 1480 σοὶ

77 1517 113 1544 20
132 1502 276 1546 ἱκανοὶ
308 1502 481 1555 ἑαυτοῖς
515 1507 578 1552 εἴς
608 1518 656 1546 τε
686 1498 987 1560 ἀστρονομίαν
1024 1502 1098 1547 καὶ
1133 1494 1270 1547 τᾶλλα
1306 1494 1371 1548 ὦν
1408 1500 1463 1560 δὴ
1500 1499 1558 1547 σύ

130 1570 229 1628 πέρι
253 1572 401 1614 αἰτίαν
426 1573 539 1627 ἔχεις
563 1570 806 1629 διαφέρειν.

235 1642 366 1682 ΘΕΟ.
408 1634 475 1682 Οὐ
511 1635 693 1697 ῥᾴδιον,
728 1630 762 1682 ὦ
787 1635 1046 1694 Σώκρατες,
1082 1637 1152 1683 σοὶ
1177 1636 1558 1697 παρακαθήμενον

222 1781 240 1812 1
264 1774 533 1822 ἀγωνιζόμεθα
551 1781 635 1813 ΛΠ
653 1781 750 1821 Tur„
776 1773 1063 1823 ἀγωνιζοίμεθα
1080 1789 1113 1817 ς.

130 1826 173 1857 F.
190 1825 248 1857 W.
267 1825 486 1877 Wagnerus.
597 1827 639 1858 10

661 1820 712 1869 μή
736 1836 794 1859 τοι
813 1825 1038 1878 QAHSQ,
1063 1837 1122 1859 τοι
1141 1837 1209 1860 om.
1228 1835 1261 1863 5.

132 1869 190 1908 ΓΙ,
214 1869 308 1902 coni.
333 1869 706 1912 Sehleiermacherus,
731 1881 804 1904 rec.
830 1872 954 1912 lisele„
978 1852 1099 1905 αὐτοῦ
1123 1867 1190 1905 τὸν
1208 1872 1265 1907 21⁰.

1224 1783 1243 1814 7
1264 1772 1347 1825 ουν]
1375 1777 1445 1825 οὐχ
1464 1783 1557 1815 coni.

1373 1828 1413 1859 11
1439 1821 1559 1860 αὐτοῦ

1376 1874 1418 1905 13
1443 1868 1558 1916 λόγου

1049 1927 1090 1955 09

129 1956 432 2002 διερευνωμένου
456 1959 618 1992 ΑΣΥΖῐ
629 1955 765 2002 ,λόγῳ
798 1959 1083 2007 διερευνωμένῳ
1107 1961 1157 2003 Ε,
1190 1957 1287 2005 λόγῳ
1312 1958 1561 2006 διερευνώμε-

130 2016 196 2088 vage
212 2049 259 2091 F,
285 2045 382 2095 λόγῳ
398 2044 694 2093 διερευνώμενος
713 2050 784 2083 Hb.

129 2105 166 2127 τι
183 2094 234 2131 *ς
251 2074 333 2127 ’Turn

178 2220 196 2251 1
213 2216 280 2252 καὶ
297 2213 565 2262 χαριεντισμόν
583 2229 670 2251 τινα
689 2212 804 2252 cinon.

133 2263 294 2307 ‘idque
335 2264 638 2305 (concertationis
676 2262 807 2307 genus)

130 2309 275 2341 iocum
309 2309 526 2352 quendam
565 2319 617 2351 ap
658 2309 808 2342 ellans

129 2352 275 2407 (verbis
292 2354 368 2386 illis
399 2365 434 2397 p.
459 2353 562 2386 166Α
590 2355 736 2395 γελωτα
759 2352 808 2396 δὴ

128 2393 199 2431 τὸν
216 2394 311 2441 ἔμε’
294 2410 335 2432 εν
349 2401 428 2438 τοῖς
442 2393 567 2441 λόγοις
582 2365 809 2442 ἀπέδειξε).’

128 2443 410 2480 Hmunonmus.
438 2444 605 2498 Scriptor
616 2448 810 2494 postquam

132 2489 188 2520 sic
222 2493 280 2522 est
312 2499 463 2522 exorsus
496 2483 702 2532 ἐνενόησάς
734 2500 810 2522 που

135 2528 311 2576 λέγοντος
340 2546 426 2577 αρτι
446 2533 514 2567 τοῦ
539 2529 808 2577 Πρωταγόρου,

133 2577 188 2609 ita
210 2588 292 2611 eum
313 2583 565 2631 perrecturum
587 2589 666 2612 esse
683 2589 809 2622 exspe-

134 2623 298 2656 ctaveris
314 2617 603 2663 ἀποκαλοῦντος
619 2642 661 2647 -
680 2623 811 2658 διακε-

135 2666 382 2709 λευσαμένον;
395 2669 460 2702 sed
474 2680 520 2702 ne
534 2670 739 2712 participiis
749 2680 811 2702 cu-

133 2712 283 2745 mulatis
306 2713 461 2747 molesta
482 2714 589 2747 fieret
612 2718 809 2757 structura,

131 2767 257 2790 eorum
288 2757 368 2791 loeo
399 2760 551 2792 verbum
582 2759 724 2792 finitum
755 2761 810 2793 in—

135 2802 231 2835 ferro
264 2803 394 2836 maluit
423 2807 610 2847 tamquam
643 2805 811 2843 siantea

202 2868 306 2891 PLA‘r.
327 2868 486 2893 THEAET.

897 2052 937 2084 15
961 2043 1008 2085 οὔ
1025 2062 1084 2084 τοι
1101 2050 1139 2088 Ξ
1153 2051 1260 2092 mele„
1289 2044 1394 2091 οὔτις
1412 2050 1490 2092 11¹2,
1511 2045 1560 2086 οὗ

878 2220 1056 2264 scriptum
1086 2221 1135 2253 sit
1165 2215 1371 2273 ἕνενόησάς
1393 2232 1469 2255 που
1498 2232 1558 2255 οτι

879 2261 984 2309 ἔλεγε
1002 2263 1271 2310 Πρωταγόρας
1307 2266 1365 2300 cf.
1382 2277 1418 2309 p.
1438 2268 1557 2302 1491).

925 2317 1055 2356 Ἷτάδε
1072 2317 1216 2356 πάντας
1233 2323 1280 2356 ef.
1299 2323 1390 2366 prol.
1408 2335 1443 2366 p.
1463 2325 1519 2359 22.

924 2379 945 2411 8
963 2373 1180 2421 ἑρωτῶντάς
1202 2389 1243 2412 τε
1265 2377 1332 2412 καὶ
1351 2373 1558 2422 ἀποκρινο-

879 2420 1029 2465 μένους.
1064 2424 1121 2458 Cf.
1140 2425 1236 2468 adp.
1257 2425 1372 2459 189E.

924 2481 945 2512 9
969 2472 1089 2513 αὐτοῦ
1111 2478 1199 2523 περὶ
1228 2477 1295 2514 τὸν
1327 2475 1452 2524 λόγον.
1500 2482 1556 2514 De

879 2520 1000 2558 αὐτοῦ
1029 2529 1116 2558 ante
1154 2527 1466 2577 praepositionem
1496 2536 1557 2577 po-

878 2570 950 2602 sito
974 2570 1022 2604 cf.
1045 2571 1183 2603 Phaed
1208 2573 1289 2605 8913
1315 2566 1448 2604 εἰώθει
1471 2566 1558 2624 γάρ,

880 2609 995 2648 ὁπότε
1010 2613 1136 2659 τύχοι,
1154 2616 1309 2657 παίζειν
1325 2627 1400 2659 μου
1418 2613 1471 2654 εἰς
1488 2613 1559 2654 τὰς

880 2659 1024 2702 τρίχας,

925 2717 967 2747 21
1001 2713 1132 2751 αἰτίαν
1164 2714 1284 2760 ἔχεις,
1316 2718 1361 2749 in
1394 2717 1556 2759 quibus

881 2760 1148 2802 perhiberis
1201 2762 1443 2795 excellere.
1497 2761 1558 2798 cf,

879 2805 1112 2840 Heindorfius
1130 2807 1178 2840 ad
1195 2807 1306 2850 Gorg.
1322 2808 1387 2840 503
1395 2807 1436 2842 B.

1273 2863 1294 2895 8

1583 1304 1648 1338 169
