1716 2970
226 178 254 220 2
739 182 1113 217 PROLEGOMENA.

691 292 729 340 I.
777 291 854 340 De
887 294 1156 357 prooemio.

338 391 584 431 Theaetetus
606 390 775 431 Platonis
808 390 980 443 dialogus
1014 392 1164 432 orditur
1198 406 1219 432 a
1248 393 1354 434 brevi
1383 393 1553 435 Euclidis
1587 402 1628 436 et

227 447 453 499 Terpsionis
480 446 692 497 colloquio,
722 447 832 486 cuius
854 446 1129 498 ‘argumentum
1158 455 1217 488 est
1243 449 1395 500 triplex.
1452 450 1630 491 Primum

228 504 331 543 enim
348 502 547 542 Theaeteti
568 501 650 541 laus
671 501 901 547 celebratur,
923 502 1063 543 deinde
1084 509 1282 548 narratur.
1307 505 1408 545 unde
1428 505 1526 545 liber
1546 507 1624 545 ori·

228 559 357 610 ginem
379 557 525 603 trahat,
548 557 714 607 denique
735 557 784 596 de
805 557 926 597 forma
949 559 1032 597 eius
1051 560 1269 610 exponitur.

337 613 467 653 Prima
501 614 618 663 igitur
653 613 843 664 prooemii
876 620 986 664 parte
1019 613 1271 654 Theaetetum
1307 628 1349 655 se
1385 617 1625 667 praestitisse

226 670 352 709 virum
382 669 633 708 fortissimum
669 673 707 707 et
732 669 772 706 in
802 667 885 707 aliis
912 680 1066 720 quoque
1099 668 1218 709 rebus
1250 672 1623 721 praestantissimum

229 729 570 764 commemoratur.
601 723 706 762 Haec
721 722 804 763 laus
826 724 861 762 ei
881 722 929 762 ab
945 723 1103 762 Euclide
1124 729 1161 763 et
1174 724 1389 777 Terpsione
1409 727 1458 765 ita
1481 727 1624 778 imper-

228 781 339 825 titur,
361 785 406 818 ut
426 790 524 830 quae
546 778 726 818 Socrates
749 778 797 817 de
819 790 865 817 eo
885 778 1160 830 praedixisset,
1190 792 1235 819 ea
1262 792 1398 821 revera
1418 781 1517 821 sacta
1540 794 1625 821 esse

228 835 477 885 significetur.
510 834 689 874 Socrates
709 834 811 873 enim
832 834 1084 874 Theaetetum
1106 841 1193 886 post
1213 834 1447 888 colloquium
1468 849 1556 876 cum
1577 849 1625 876 eo

227 890 420 935 habitum,
450 889 553 940 quod
581 888 629 927 ab
658 888 817 928 Euclide
845 890 1106 941 conscriptum
1135 890 1224 929 inde
1251 903 1271 930 a
1300 891 1471 931 secundo
1500 893 1625 943 capite

228 946 302 997 legi
322 946 493 996 fingitur,
516 944 666 983 dixerat
686 945 810 984 virum
831 944 914 983 sore
935 946 1130 990 eximium,
1147 946 1178 984 si
1198 947 1237 985 in
1259 951 1421 986 aetatem
1444 948 1623 987 venisset.

340 1000 485 1040 Deinde
506 999 649 1039 librum
671 999 777 1039 Plato
798 1000 907 1050 fingit
926 1001 977 1039 ita
998 1012 1083 1040 esse
1111 1006 1259 1046 ortum.
1282 1007 1324 1040 ut
1345 1001 1524 1042 Euclides
1544 1013 1627 1042 ser-

226 1068 381 1096 monem
403 1057 504 1095 inter
525 1056 743 1100 Socratem,
770 1055 1019 1095 Theodorum
1048 1061 1085 1094 et
1105 1056 1357 1096 Theaetetum
1386 1056 1559 1096 habitum
1589 1062 1628 1096 et

226 1111 300 1151 sibi
321 1124 342 1151 a
364 1112 522 1151 Socrate
543 1115 741 1150 narratum
765 1111 935 1161 primum
950 1111 1169 1150 summatim
1186 1114 1471 1164 perscripserit,
1486 1112 1633 1152 deinde·

229 1179 299 1218 per
319 1168 442 1206 otium
465 1166 730 1205 retractaverit
751 1171 789 1205 et
808 1164 984 1216 longiore
1004 1167 1178 1206 oratione
1199 1173 1428 1218 prosecutus
1447 1169 1507 1206 sit.
1539 1166 1626 1207 Col-

226 1222 399 1273 loquium
419 1223 537 1272 igitur
557 1221 631 1260 hoc
651 1220 736 1260 loco
753 1220 893 1260 dicitur
909 1221 1161 1260 Socraticum.
1195 1220 1302 1267 Quae
1323 1223 1425 1262 enim
1447 1223 1522 1262 hoc
1544 1222 1626 1261 dia-

225 1276 315 1328 logo
337 1278 517 1318 Socrates
538 1275 691 1315 disserit
710 1287 788 1314 non
808 1277 859 1314 ita
881 1276 1046 1315 multum
1067 1275 1115 1315 ab
1137 1277 1220 1316 eius
1240 1276 1415 1316 doctrina
1436 1277 1625 1317 recedunt

228 1344 357 1383 neque
385 1333 467 1372 eius
499 1333 628 1382 imago
657 1343 677 1370 a
705 1330 867 1370 Platone
895 1330 1046 1382 depicta
1083 1331 1118 1370 ei
1146 1332 1220 1382 ipsi
1248 1344 1326 1371 non
1355 1337 1414 1372 est
1439 1331 1574 1372 similis
1587 1330 1627 1383 ²).

228 1387 364 1439 Neque
386 1399 476 1427 vero
496 1387 562 1426 hic
582 1385 756 1437 dialogus
776 1387 878 1438 ipse,
900 1398 1016 1438 quem
1036 1386 1218 1437 legimus,
1240 1392 1343 1427 totus
1364 1393 1423 1426 est
1442 1387 1632 1428 Socratis-

225 1443 333 1483 Plato
354 1444 457 1482 enim
479 1442 678 1482 Socratem
701 1441 792 1481 fecit
811 1453 910 1493 quae
930 1454 1019 1481 cum
1034 1441 1241 1481 Theodoro
1262 1448 1300 1482 et
1314 1442 1525 1482 Theaeteto
1546 1441 1625 1483 col·

224 1499 376 1538 locutus
403 1504 504 1537 esset
531 1502 755 1536 narrantem
784 1496 954 1541 Euclidi,
991 1497 1055 1548 qui
1087 1496 1225 1536 litteris
1253 1508 1297 1536 ea
1332 1498 1627 1548 consignaverit.

225 1553 350 1600 Quam
370 1565 454 1593 rem
476 1551 584 1591 Plato
604 1552 655 1590 ita
676 1551 829 1590 videtur
849 1551 1080 1596 instituisse,
1103 1552 1205 1603 quod
1228 1552 1428 1592 Socratem
1458 1551 1627 1592 delecta·

227 1608 293 1648 bat
313 1608 396 1647 aliis
417 1619 580 1646 narrare
599 1607 876 1664 disputationes
888 1605 930 1658 ²).
980 1607 1160 1647 Fortasse
1187 1613 1314 1647 autem
1343 1607 1415 1647 hac
1441 1619 1486 1647 re
1512 1607 1627 1647 simul

227 1663 454 1715 significavit
492 1667 581 1714 post
619 1662 790 1701 Socratis
834 1673 877 1702 se
915 1662 1030 1701 etiam
1069 1662 1350 1713 Megaricorum
1399 1664 1626 1714 cognovisse

227 1719 462 1762 doctrinam,
485 1729 574 1757 cum
595 1717 848 1756 Theaetetum
869 1715 1110 1768 scriberet3).
1149 1718 1223 1757 Sed
1245 1730 1332 1758 cum
1354 1719 1393 1757 in
1414 1718 1499 1758 aliis
1518 1718 1627 1758 Plato

226 1774 387 1824 dialogis
421 1773 621 1813 Socratem
655 1773 782 1824 ipsum
812 1773 970 1812 inducat
1004 1778 1246 1818 narrantem,
1283 1774 1323 1812 in
1358 1773 1433 1812 hoc
1466 1785 1623 1813 servum

225 1830 336 1880 fingit
351 1840 572 1868 sermonem
589 1828 760 1868 Socratis
774 1827 822 1867 ab
837 1827 995 1868 Euclide
1009 1829 1271 1881 conscriptum
1288 1830 1465 1868 recitare.
1488 1829 1626 1880 Dispu-

222 1886 316 1924 tatio
339 1885 442 1923 enim
464 1896 551 1923 cum
573 1889 652 1923 tota
672 1883 755 1923 sere
776 1889 877 1922 esset
898 1883 946 1923 de
967 1882 1190 1923 notionibus
1218 1884 1404 1923 rimandis
1431 1883 1627 1935 rebusque

221 1940 383 1979 infinitis
412 1938 664 1990 quaerendis,
693 1951 777 1978 eam
807 1939 987 1978 Socrates
1014 1939 1190 1990 quidem,
1227 1941 1293 1991 qui
1320 1939 1458 1979 harum
1492 1951 1629 1979 rerum

225 2007 405 2047 magnam
434 1994 598 2034 haberet
625 1994 960 2038 exercitationem,
996 1993 1107 2033 facile
1134 1995 1258 2046 potuit
1284 1994 1435 2034 referre
1461 1994 1626 2038 Euclidi.

224 2050 406 2090 Euclides
426 2062 518 2089 vero
540 2050 692 2089 Socrati
712 2049 784 2088 hac
804 2050 845 2088 in
872 2061 916 2089 re
935 2050 1060 2100 impar
1088 2049 1190 2089 idem
1218 2049 1347 2089 facere
1374 2060 1451 2088 non
1478 2049 1623 2100 potuit:

225 2118 347 2158 quare
368 2117 590 2145 sermonem
611 2105 851 2144 Socraticum
874 2104 1014 2144 dicitur
1035 2103 1326 2156 diligentissime
1354 2103 1493 2143 litteris
1514 2115 1626 2143 man·

223 2160 387 2212 dasse⁴).

334 2217 536 2256 Postremo
571 2215 619 2255 de
648 2215 772 2254 forma
802 2214 943 2264 dialogi
971 2213 1078 2254 Plato
1106 2214 1287 2265 loquitur.
1340 2213 1622 2265 Disputationes

223 2274 323 2313 enim
337 2303 346 2317 ,
383 2284 460 2324 quo
489 2270 730 2311 commodius
758 2269 1063 2322 explicarentur,
1099 2270 1155 2309 sic
1182 2282 1223 2309 se
1260 2270 1484 2320 exposuisse
1520 2269 1623 2314 dicit,

222 2329 333 2381 quasi
369 2339 434 2367 res
461 2331 616 2379 agatur,
655 2337 734 2365 non
762 2326 871 2377 quasi
896 2330 1090 2365 narretur.
1138 2323 1248 2370 Quod
1277 2323 1474 2364 scribendi
1502 2336 1624 2376 genus

225 2383 630 2423 convenientissimum
651 2393 743 2422 sane
763 2386 821 2421 est
841 2386 879 2420 et
898 2380 1036 2426 rebus,
1060 2392 1158 2432 quae
1179 2379 1254 2419 hoc
1273 2379 1373 2419 libro
1394 2384 1622 2425 tractantur,

224 2446 263 2479 et
283 2441 363 2478 viro
385 2438 459 2483 illi,
481 2440 547 2490 qui
568 2437 870 2489 disputationem
891 2436 1102 2476 memoriae
1122 2435 1361 2475 mandavisse
1382 2435 1522 2475 dicitur
1532 2434 1575 2485 ⁵).

314 2539 348 2578 1)
374 2538 606 2571 Steinhartus
631 2547 667 2580 p.
691 2538 735 2571 80
757 2545 813 2579 sq.
917 2535 953 2577 2)
979 2534 1141 2578 Sauppe,
1165 2533 1382 2576 Einleitnng
1406 2545 1449 2566 zu
1474 2533 1623 2567 Platone

220 2584 370 2626 Protag.
394 2593 427 2625 p.
453 2584 505 2616 18.
601 2581 636 2622 3)
661 2580 899 2615 Susemihlius
921 2590 958 2622 p.
982 2581 1058 2613 177.
1153 2578 1190 2621 4)
1215 2578 1448 2612 Steinhartus
1469 2589 1504 2621 p.
1522 2578 1565 2611 28
1586 2581 1624 2611 et

221 2627 458 2661 Susemihlius
481 2637 517 2669 p.
543 2627 606 2660 177
630 2635 830 2659 sermonem
879 2627 1001 2668 ropter
1022 2633 1098 2664 res,
1124 2632 1215 2666 quae
1239 2626 1464 2663 tractantur,
1494 2622 1625 2655 melius

221 2672 296 2715 legi
321 2681 426 2714 quam
449 2671 590 2703 narrari
614 2669 794 2704 dixerunt.
873 2679 921 2702 ua
949 2668 987 2701 in
1010 2678 1049 2700 re
1073 2668 1144 2701 viri
1168 2667 1368 2700 doctissimi
1398 2677 1470 2700 non
1498 2670 1624 2700 tenne-

221 2719 306 2749 runt
328 2716 425 2748 hunc
448 2716 564 2759 ipsum
581 2724 781 2748 sermonem
803 2724 826 2747 a
842 2713 991 2747 Socrate
1006 2711 1152 2745 Euelidi
1174 2712 1246 2744 iam
1263 2715 1447 2744 narratum
1465 2720 1558 2744 esse.

222 2760 257 2800 ὃ)
282 2760 472 2793 Platonem
490 2763 639 2803 propter
654 2759 908 2802 interpositum
926 2756 1016 2790 illud
1028 2757 1203 2799 ‘inquam’
1223 2759 1261 2789 et
1274 2755 1421 2798 ‘inquit'
1439 2756 1623 2798 vitupera-

221 2809 297 2836 tum
322 2815 344 2836 ει
368 2804 582 2846 quibusdam
613 2804 727 2837 fuisse
758 2803 986 2847 suspicantur
1009 2801 1188 2834 Socherus
1218 2811 1253 2843 p.
1277 2801 1359 2842 251,
1393 2799 1630 2833 Steinhartns

218 2859 255 2891 p.
272 2850 334 2890 28,
360 2849 600 2883 Susemihlius
625 2859 659 2891 p.
678 2848 751 2882 178.
