1748 2950
606 157 677 198 AD
708 127 1039 197 sorui's‘miu.
1445 157 1501 197 ιη

142 271 254 311 ribus
295 271 477 311 exbiberi
517 270 663 322 potuit.
720 268 904 308 Pertinet
946 273 1077 309 autem
1107 269 1204 308 illud
1237 282 1305 315 eo,
1346 274 1392 310 ut
1422 282 1495 309 uec

142 329 181 367 in
223 329 329 367 Eute
357 327 623 367 Parmeniden
661 338 738 365 nec
773 326 812 364 in
844 327 1022 366 immotis
1053 326 1353 377 Megaricorum
1393 327 1495 366 ideis

141 386 320 424 veritatis
351 385 556 423 scientiam
587 384 724 422 inesse
754 383 958 425 doceat-ur.
1019 383 1135 433 Quod
1166 383 1326 434 quidem
1358 383 1493 435 philo-

142 441 298 492 sophus
339 441 476 490 effecit
514 441 594 488 sic,
635 444 682 478 ut:
720 439 880 478 illorum
923 440 1116 480 rationem
1149 441 1424 481 emendaverit
1453 446 1496 479 et

142 511 232 537 cnm
270 511 342 537 sua
380 498 506 549 ipsius
545 498 596 536 de
634 497 736 535 ideis
767 497 948 536 doctriua
977 498 1262 536 conciliaverit.
1322 498 1496 551 Aperuit

141 555 264 606 igitur
293 554 394 601 eiuS,
425 553 531 604 quod
561 567 682 592 vere
713 566 832 592 esse
862 557 999 592 mente
1029 559 1069 591 et
1093 555 1223 592 animo
1254 555 1494 605 cogitamus,

142 613 220 649 vim
252 615 514 660 naturamque
545 610 788 652 acutissime.
849 610 949 648 Nam
970 611 1139 660 primum
1161 611 1319 661 quidem
1337 612 1374 650 ei
1398 624 1494 650 con-

139 671 202 706 tra
232 667 513 709 Parmenidem
553 667 766 707 vindicavit
803 667 1070 707 multitudinis
1101 669 1257 718 copiam
1290 672 1332 706 et
1361 669 1494 706 varie-

140 728 290 772 tatem,
323 737 400 774 qua
430 736 506 762 una
535 724 754 764 secundum
785 724 910 774 ipsius
949 725 1190 762 sententiam
1222 725 1310 765 fieri
1342 728 1494 776 potest,

140 785 186 819 ut
215 782 362 820 mentis
393 780 588 819 lrunanae
619 781 788 819 scientia
825 785 868 818 et
897 781 1077 830 cognitio
1109 782 1308 832 pariatur3
1347 781 1494 820 deiude

139 838 272 878 eidem
312 838 350 875 in
391 849 543 876 summa
582 842 746 875 naturae
793 849 889 875 suae
926 838 1151 875 constantia
1197 842 1332 876 tamen
1373 839 1494 877 etiam

139 894 347 932 relationis
394 894 478 932 sive
517 898 651 932 motus
687 894 877 933 virt-utem
915 892 1170 933 tribuendam
1212 906 1304 932 esse
1341 894 1493 942 docuit,

141 963 259 1001 quam
290 950 548 989 Parmenides
589 950 742 1000 pariter
777 954 899 1000 atquc
938 949 1136 1000 Megarici
1172 950 1210 988 ei
1245 951 1492 1001 eripiebant:

139 1007 290 1058 quippe
329 1005 445 1044 ideae
489 1006 564 1044 nisi
592 1007 698 1044 inter
727 1018 772 1044 se
803 1006 982 1057 copulari
1012 1018 1057 1043 ac
1089 1006 1247 1058 seiungi
1280 1007 1493 1058 distingui·

141 1075 218 1113 qne
249 1068 439 1114 possent,
471 1062 578 1101 nulia
607 1062 794 1114 profecto
826 1062 936 1101 foret
964 1062 1183 1111 iudicandi,
1215 1063 1399 1111 docendi,
1427 1063 1494 1102 lo-

141 1120 289 1170 quendi
330 1119 520 1166 facultas,
557 1123 604 1158 ut
639 1120 699 1158 sic
739 1131 898 1171 quoque
936 1120 1116 1158 veritatis
1153 1121 1321 1159 scicntia
1353 1124 1395 1158 et
1423 1132 1494 1159 co·-

139 1177 321 1227 guitione
368 1188 612 1216 careremus.
680 1176 786 1216 Hine
832 1188 955 1227 porro
995 1175 1162 1217 deduxit
1212 1179 1493 1228 cognationem

140 1233 253 1280 eius,
282 1232 386 1283 quod
419 1245 541 1271 esse
572 1233 764 1279 dicimus,
803 1245 894 1274 cnm
928 1245 976 1271 eo
1008 1235 1116 1284 quod
1146 1246 1240 1274 non
1274 1238 1379 1281 est3
1410 1235 1493 1272 evi-

138 1289 277 1340 citque
316 1290 562 1340 gravissimis
601 1290 872 1340 argumentis,
911 1289 1082 1330 alterum
1119 1302 1210 1328 cum
1251 1290 1381 1329 altero
1413 1295 1494 1331 tam

137 1353 249 1384 arcta
279 1346 575 1384 necessitudine
604 1347 817 1394 contineri,
847 1350 892 1385 ut
923 1351 1111 1386 neutrum
1139 1346 1335 1386 alterutro
1354 1360 1494 1387 carere

137 1403 447 1442 existimandum
485 1404 549 1443 sit.
618 1403 707 1452 Quo
745 1404 834 1454 ipso
880 1403 1053 1453 denique
1092 1416 1188 1442 usus
1219 1410 1283 1443 est
1323 1404 1409 1450 sie,
1446 1409 1494 1443 nt

139 1459 295 1498 fraudis
341 1463 385 1498 et
423 1460 575 1498 erroris
619 1460 656 1498 in
700 1459 904 1498 homiuum
951 1460 1109 1500 iudiciis
1159 1464 1202 1499 et
1241 1461 1493 1500 sermonibus

139 1528 303 1555 canssas
344 1521 386 1554 et
426 1517 603 1567 origines
641 1516 990 1556 demonstraverit.
1051 1517 1108 1555 lta
1148 1518 1273 1568 igitur
1303 1518 1492 1556 refutatis

138 1572 412 1612 Eleaticorum
448 1578 490 1613 et
523 1572 822 1624 Megaricorum
854 1573 1108 1625 opinionibus
1139 1574 1368 1612 firmissima
1397 1575 1494 1613 iecit

138 1629 376 1682 discipliuae
405 1629 587 1668 veritatis
617 1629 898 1676 fundamenta,
928 1642 1060 1680 neque
1090 1630 1252 1669 dubium
1286 1636 1361 1675 est,
1394 1644 1493 1681 quo-

139 1698 229 1725 nam
268 1686 424 1727 vinculo
466 1686 595 1724 omnia
626 1691 747 1737 atque
791 1686 948 1738 singula
982 1687 1089 1725 iuter
1120 1699 1166 1725 se
1198 1689 1493 1730 contineantur.

142 1742 302 1794 Operae
332 1747 464 1781 tamen
497 1743 674 1794 pretium
703 1743 851 1782 facturi
869 1743 1066 1791 videmur,
1097 1743 1131 1782 si
1161 1743 1340 1795 singulos
1372 1758 1492 1795 quos·-

140 1799 231 1839 dam
262 1799 374 1837 locos
404 1799 610 1840 iilustrare
641 1812 831 1841 conemur
869 1800 1099 1840 dilucidius.
1159 1801 1245 1849 Qua
1278 1802 1493 1840 occasione

140 1869 298 1895 omnem
330 1855 512 1896 ordinem
541 1868 587 1894 ac
618 1869 880 1907 progressum
910 1857 1195 1908 disputationis
1225 1857 1356 1896 denuo
1389 1871 1492 1909 pau-

139 1913 200 1951 cis
239 1913 451 1963 designare
491 1913 652 1960 licebit,
693 1926 772 1963 quo
803 1913 960 1952 facilius
990 1926 1062 1951 eos
1092 1914 1205 1954 locos
1239 1914 1493 1957 demonstre-

139 1981 249 2017 mus,
282 1971 349 2020 qui
378 1970 508 2010 lucem
537 1970 884 2022 interpretationis
914 1969 1159 2010 desiderent.

253 2081 498 2134 Principium
546 2082 669 2133 igitur
702 2082 986 2135 disputationis
1034 2083 1195 2123 ducitur
1230 2084 1348 2133 inde,
1386 2085 1494 2137 quod

138 2137 337 2191 Sophiste
365 2139 513 2177 dicitur
549 2140 680 2178 omnia
710 2140 870 2191 quidem
899 2141 1007 2179 scire
1036 2142 1187 2188 videri,
1239 2154 1315 2180 uec
1358 2146 1493 2182 tamen

141 2208 288 2247 reapse
326 2197 445 2235 scire.
504 2196 609 2234 Hinc
645 2197 823 2235 nascitur
860 2197 1077 2245 dubitatio,
1115 2211 1208 2237 num
1250 2198 1355 2249 quod
1394 2212 1491 2239 non

141 2253 183 2290 si
199 2258 229 2300 t,
259 2258 392 2291 tamen
421 2253 520 2291 item
551 2266 669 2291 esse
698 2253 864 2294 iudicari
882 2254 1029 2292 debeat
1053 2253 1112 2307 (p.
1131 2254 1216 2292 ‘235
1239 2278 1272 2282 -
1293 2255 1389 2295 237.
1411 2257 1490 2307 A.).

142 2309 230 2358 Qua
260 2310 509 2349 dubitatione
541 2312 710 2349 excitata
740 2312 912 2361 primum
938 2313 1149 2363 exponitur
1171 2313 1373 2350 sententia
1394 2313 1492 2351 Par-

142 2367 335 2413 menidis,
375 2367 440 2417 qui
480 2380 601 2417 quum
638 2361 688 2407 τὸ
730 2362 783 2407 ὅν
820 2372 976 2406 tautum
1016 2373 1210 2419 poneret,
1249 2364 1298 2407 τὸ
1335 2365 1397 2420 μὴ
1439 2367 1491 2410 ὄν

144 2422 264 2473 plane
293 2424 477 2472 tolleret,
520 2435 679 2462 omnem
720 2425 870 2463 erroris
899 2429 942 2463 et
971 2424 1125 2464 fraudis
1155 2425 1388 2464 facultatem
1422 2438 1492 2465 au-

144 2479 316 2519 ferebat.
374 2480 497 2520 Cuius
538 2482 671 2531 opinio
710 2482 940 2532 priusquam
978 2481 1019 2520 in
1058 2483 1392 2533 disceptationem
1423 2497 1493 2522 vo-

143 2539 280 2584 catur,
315 2537 447 2575 variae
479 2541 522 2576 et
553 2538 796 2589 multiplices
829 2538 996 2577 aliorum
1034 2539 1370 2590 philosophorum
1402 2554 1495 2579 sen-

143 2593 295 2631 tentiae
324 2593 375 2632 de
405 2591 533 2646 οὐσίᾳ
566 2599 870 2641 enumerantur,
900 2595 956 2634 ita
986 2596 1170 2647 quidem,
1211 2601 1255 2634 ut
1285 2609 1356 2635 eos
1388 2598 1494 2636 inter

145 2651 384 2701 principium
417 2655 460 2688 et
493 2647 648 2690 οὐσίαν
687 2664 767 2691 uon
803 2652 903 2690 satis
941 2657 1130 2691 accurate
1159 2653 1391 2692 distinxisse
1421 2654 1492 2691 do-

144 2711 294 2745 ceatur.
354 2706 587 2748 Revertitur
618 2710 777 2749 tandem
808 2709 938 2748 oratio
962 2708 1009 2748 ad
1027 2708 1307 2748 Parmenidem
1325 2711 1381 2762 (p.
1399 2711 1493 2749 ’.ζ-Η.
