1748 2944
91 1167 124 1193 15

691 83 991 118 ΘΕΑῙΤΗΤΟΣ.

1479 78 1560 121 125

241 209 373 250 ΘΕΟ.
412 204 518 255 Πῶς
542 202 670 246 τοῦτο
695 201 857 257 λέγεις,
884 194 919 244 ὦ
945 195 1207 257 Σώκρατεςς

239 277 338 317 ΣΩ.
364 268 534 327 ’Ὠσπερ
566 269 639 313 καὶ
667 270 820 326 Θαλῆν
852 265 1238 351 ἀστρονομοῦντα,
1274 257 1310 310 ὦ
1338 263 1561 325 Θεόδωρε,

139 339 213 385 καὶ
235 337 329 385 ἄνω
352 339 596 397 βλέποντα,
630 333 823 382 πεσόντα
848 339 910 388 εἰς
933 334 1102 394 φρέαρ,
1136 331 1312 394 Θρᾷττά
1335 351 1401 386 τις
1435 335 1564 391 ἐμμε-

140 407 218 465 λὴς
242 407 315 452 καὶ
338 410 550 465 χαρίεσσα
581 404 850 463 θεραπαινὶς
885 401 1149 457 ἆποσκῶψαι
1181 404 1378 460 λέγεται,
1418 399 1475 453 ὥς
1507 419 1560 446 τα

102 493 121 518 5
138 474 222 534 μὲν
245 477 294 520 ἐν
316 472 498 534 οὐρανῷ
522 479 800 530 προθυμοῖτο
825 472 1018 527 εἰδέναι,
1050 489 1103 515 τα
1130 468 1172 515 δ’
1202 475 1461 552 ἔμπροσθεν
1482 464 1562 513 αὖ·

138 545 217 588 τοῦ
249 542 323 587 καὶ
355 559 475 599 παρα
514 539 655 593 πόδας
688 537 907 586 λανθάνοι
949 534 1099 584 αὐτόν.
1155 536 1319 583 ταύτὸν
1353 536 1404 582 δὲ
1435 533 1567 595 άρκεῑ

139 612 324 668 σκῶμμα
350 610 420 654 ἐπὶ
446 606 614 661 πάντας
646 606 742 653 ὅσοι
768 610 817 654 ἐν
839 611 1083 666 φιλοσοφίᾳ
1118 605 1334 663 διάγουσι.
1380 607 1443 665 τῷ
1475 603 1561 662 γὰρ
1586 614 1615 645 Β

137 676 234 723 ὄντι
257 677 335 723 τὸν
358 679 562 722 τοιοῦτον
586 674 608 722 ὁ
635 675 718 734 μὲν
741 679 932 734 πλησίον
956 675 1031 720 καὶ
1055 672 1078 719 ὁ
1098 677 1257 732 γείτων
1277 675 1484 731 λέληθεν,
1510 672 1563 718 οὐ

138 743 278 803 μόνον
300 741 326 791 ὅ
348 763 390 790 τι
414 742 618 802 πράττει,
651 740 747 788 ἀλλ’
776 740 931 800 ὀλίγου
955 744 1030 788 καὶ
1054 746 1096 787 εἰ
1117 738 1360 800 ἄνθρωπός
1394 742 1512 786 ἐστιν
1535 739 1564 798 ἥ

90 831 122 856 10
139 832 180 858 τι
211 810 318 858 ἄλλο
352 814 550 871 θρέμμα·
593 815 640 857 τί
679 812 734 856 δέ
761 808 859 856 ποτ’
895 812 1018 856 ἐστὶν
1051 807 1292 868 ανθρωπος
1327 809 1400 854 καὶ
1433 814 1477 854 τί
1509 810 1564 866 τῇ

138 881 320 940 τοιαύτῃ
357 878 494 938 φύσει
529 877 738 938 προσήκει
780 877 999 937 διάφορον
1035 881 1125 923 τῶν
1165 876 1315 923 ἄλλων
1354 886 1500 922 ποιεῖν
1536 871 1565 933 ἦ

139 946 339 1007 πάσχειν,
365 953 480 1005 ζητεῖ
502 965 550 992 τε
574 948 648 992 καὶ
674 944 901 1027 πράγματᾷ
926 951 1014 1004 ἔχει
1042 938 1403 1004 διερευνώμενος.
1454 963 1564 1003 μαν-

139 1014 295 1069 θάνεις
317 1014 403 1075 γάρ
428 1033 539 1073 που,
567 1034 600 1060 ω
627 1012 848 1072 Θεόδωρε,
874 1009 901 1071 ἢ
925 1012 1002 1060 οὕ·
993 1050 1004 1069 ,

243 1090 375 1130 ΘΕΟ.
400 1083 588 1141 ”Εγωγε·
615 1084 688 1128 καὶ
713 1079 862 1140 ἀληθῆ
887 1083 1041 1139 λέγεις.

247 1158 344 1197 ΣΩ.
396 1150 651 1208 Τοιγάρτοι,
693 1145 727 1194 ὦ
769 1155 896 1208 φίλε,
939 1153 1033 1209 ἰδίᾳ
1070 1167 1117 1195 τε
1159 1146 1507 1207 συγγιγνόμενος
1540 1146 1564 1194 ὃ

142 1222 340 1272 τοιοῦτος
377 1216 547 1279 ἑκάστῳ
588 1219 662 1262 καὶ
705 1221 917 1278 δημοσίᾳ,
960 1214 1068 1274 ὅπερ
1108 1214 1352 1275 ἀρχόμενος
1394 1220 1564 1275 ἔλεγον,
1589 1223 1618 1258 C

143 1283 251 1332 ὅταν
282 1289 331 1331 ἐν
366 1290 634 1346 δικαστηρίῳ
666 1283 697 1343 ἥ
730 1304 818 1330 που
849 1284 1009 1330 ἄλλοθι
1041 1281 1310 1343 άναγκασθῇ
1341 1285 1444 1342 περὶ
1477 1286 1567 1330 τῶν

143 1352 262 1412 παρὰ
295 1352 434 1406 πόδας
468 1355 540 1398 καὶ
574 1355 663 1398 τῶν
698 1354 745 1398 ἐν
769 1350 1021 1411 ὀφθαλμοῖς
1053 1354 1363 1410 διαλέγεσθαι,
1396 1354 1567 1410 γέλωτα

142 1422 323 1480 παρέχει
352 1418 405 1467 οὗ
440 1419 579 1479 μόνον
612 1419 827 1481 Θρᾴτταις
859 1417 970 1465 ἀλλὰ
1003 1421 1076 1465 καὶ
1109 1422 1173 1482 τῷ
1203 1419 1323 1482 ἄλλῳ
1354 1419 1470 1482 ὄχλῳ
1504 1423 1567 1473 εἰς

232 1555 251 1586 7
269 1549 397 1587 πάντα
416 1553 591 1588 ἩΔΘΠῙΘ.

142 1610 177 1642 p.
198 1600 275 1632 369.

140 1721 253 1754 quae
277 1712 321 1743 in
343 1712 600 1744 universum
629 1721 818 1754 genera-

144 1756 313 1798 timque
391 1760 641 1798 spectatur,
716 1757 819 1789 velut

144 1800 276 1833 deinde
317 1812 352 1844 p.
385 1803 486 1834 174ss
522 1802 690 1834 Socrates
730 1801 820 1833 dicit

142 1845 323 1878 eiusmodi
359 1845 612 1888 philosophum
649 1847 820 1889 ignorare

142 1891 421 1933 propemodum,
446 1901 493 1923 an
509 1892 652 1924 vicinus
669 1901 754 1924 suus
772 1892 822 1923 sit

144 1936 268 1976 homo;
293 1936 380 1978 quid
397 1945 481 1968 vero
499 1935 604 1968 homo
621 1936 668 1968 sit
685 1936 722 1967 in
739 1936 820 1968 uni-

143 1991 288 2014 versum
305 1979 434 2024 (τοῦτο
451 1974 556 2023 ολον)
572 1990 738 2023 quaeque
755 1980 820 2013 hu-

143 2036 274 2058 manae
313 2030 466 2058 naturae
507 2026 743 2067 conveniant,
782 2026 820 2058 id

142 2081 226 2103 eum
250 2070 378 2104 sedulo
401 2071 639 2113 investigare.
685 2051 743 2103 De⁷
760 2081 820 2104 eo-

145 2115 297 2158 demque
329 2116 461 2149 mentis
484 2115 614 2148 habitu
638 2115 745 2148 Plato
775 2116 818 2149 de

144 2171 219 2203 rep.
248 2161 299 2193 VI
329 2162 434 2194 486A
467 2156 744 2194 ἐναντιώτατον
777 2180 818 2185 —

143 2205 391 2258 σμικρολογία
407 2205 537 2261 ψυχῇ
538 2200 727 2259 μελλούσῃ
751 2205 819 2240 τοῦ

144 2251 238 2283 ολου
250 2248 316 2284 καὶ
327 2248 543 2289 παντοςαεὶ
558 2244 820 2294 «ἐπορέξεσθαι

142 2294 262 2329 θείου
285 2306 325 2329 τε
350 2294 415 2329 καὶ
439 2291 701 2338 ἀνθρωπίνου.
736 2297 818 2330 Hoc

143 2341 263 2382 ipsum
277 2351 438 2374 cumnon
446 2342 571 2373 statim
585 2341 821 2384 intellegeret

144 2385 376 2428 Theodorus,
409 2386 501 2419 haec
532 2386 698 2419 subiicit:
733 2385 820 2426 Πῶς

145 2429 259 2464 τοῦτο
277 2411 418 2473 λέγεις,
437 2422 465 2464 ὦ
483 2427 701 2473 Σωκρατες;
718 2441 819 2484 *quae

146 2485 218 2508 non
246 2476 479 2515 subiecisset,
521 2477 679 2530 opinor,
697 2477 729 2508 si
759 2477 821 2510 So-

147 2523 268 2552 crates
290 2521 446 2554 dixisset
470 2501 565 2560 ὅλως
582 2521 643 2553 vel
660 2515 821 2555 ἑκάστου

147 2563 215 2598 τοῦ
231 2557 333 2598 ολου.
340 2568 350 2585 ’
384 2567 669 2599 Hssmnonrms.

192 2609 430 2653 3‘99q‘cttocv
454 2622 475 2644 a
504 2612 623 2654 patria
648 2611 820 2644 ancillam

146 2653 244 2686 hane
268 2654 370 2688 dicit.
404 2658 447 2691 V.
465 2656 627 2699 Bergler.
646 2657 693 2688 ad
710 2657 821 2689 Arist.

145 2698 236 2731 Aah
261 2701 338 2740 272,
357 2701 552 2744 Spanhem.
587 2701 635 2733 ad
660 2701 822 2734 eiusdem

147 2743 245 2776 Plut.
277 2746 354 2777 521.
408 2746 603 2780 Fabellam
632 2746 718 2779 hine
750 2747 822 2780 for-

146 2791 248 2822 tasse
272 2789 375 2822 duxit
390 2791 515 2824 Laert.
533 2792 551 2824 1
574 2793 645 2825 342
678 2792 819 2826 Hnnw.

714 1555 755 1586 10
780 1546 984 1596 ἅνθρωπος
1002 1552 1043 1585 C.
1063 1553 1105 1587 G.
1124 1551 1304 1595 Cobetus,
1321 1563 1492 1586 mnemos.
1513 1553 1566 1585 IX

933 1712 954 1743 6
970 1706 1075 1754 παρὰ
1091 1706 1229 1750 πόδας.
1267 1710 1309 1743 Ρ.
1330 1711 1432 1744 175Β
1451 1706 1498 1744 τοὶ
1525 1705 1566 1744 ἔν

887 1756 1011 1792 ποσίν.

933 1796 1075 1836 ταύτὸν
1137 1797 1180 1835 δε
1244 1794 1359 1843 ἀρκεῖ
1409 1800 1567 1844 σκῶιιμα

889 1846 1247 1880 Schleiermaeherus
1276 1850 1468 1900 comparat
1496 1847 1568 1880 Eu-

890 1892 1153 1943 thyphr.}1B
1170 1890 1250 1924 Τοῦ
1269 1886 1457 1935 ἡμετέρου
1478 1902 1567 1948 προ-

889 1931 1213 2015 333022132032233
1190 1947 1342 2015 22⁹3ss
1357 1933 1568 2033 {2323-

888 2036 996 2069 μενα.
1036 2025 1103 2059 καὶ
1127 2023 1248 2080 εἰμεν
1270 2038 1369 2060 αυτα
1393 2022 1467 2080 ἐγώ
1487 2024 1567 2061 ἔλε-

888 2082 974 2127 γον
984 2070 1052 2105 καὶ
1081 2066 1285 2124 ἐτιθέμην,
1306 2071 1408 2124 ἴσως
1439 2084 1488 2106 αν
1521 2082 1568 2116 με

893 2128 944 2150 επ
957 2113 1203 2158 εσκωπτες
1225 2128 1276 2156 ως
1295 2111 1372 2159 ἄρα
1398 2116 1463 2151 καὶ
1482 2112 1568 2170 ἐμοὶ

889 2173 988 2217 κατα
1007 2157 1084 2214 τὴν
1103 2142 1252 2196 ἐκείνου
1272 2159 1500 2215 ξυγγένειαν
1518 2159 1566 2196 τοὶ

889 2201 929 2241 ἒν
946 2210 1026 2245 τοῖς
1043 2202 1084 2241 λό
1111 2217 1168 2246 οις
1184 2204 1275 2251 ἔργα
1281 2202 1570 2263 αποδιδράσκει

888 2250 955 2286 καὶ
981 2263 1051 2286 ουκ
1099 2249 1213 2286 θέλει
1241 2250 1374 2307 μένειν
1397 2264 1495 2286 οπου
1518 2249 1567 2287 ἄν

889 2309 946 2337 τις
964 2292 1063 2331 αὐτοὶ
1079 2297 1153 2342 θῇ·
1179 2297 1252 2332 νῦν
1270 2294 1334 2351 δέ,
1354 2296 1417 2332 σαὶ
1460 2311 1507 2350 αρ
1526 2295 1570 2332 αἴ

889 2338 1099 2382 ὑποθέσεις
1116 2334 1238 2381 εἰσίν,
1264 2337 1409 2377 αλλου
1459 2339 1482 2387 ή
1501 2356 1568 2377 τι·

890 2398 967 2427 νος
985 2386 1063 2422 δεῖ
1075 2383 1357 2440 σκώμματος.

935 2435 954 2467 7
969 2427 1122 2477 διάγειν
1139 2444 1189 2466 so.
1205 2429 1271 2466 τὸν
1286 2432 1386 2487 βίον,
1401 2438 1441 2467 ut
1455 2435 1567 2467 etiam

890 2478 1159 2511 substantivum
1192 2476 1363 2522 διαγωγὴ
1398 2491 1432 2522 p.
1465 2481 1528 2512 177
1537 2480 1567 2512 A

888 2524 1073 2566 reperitur
1095 2524 1173 2556 sine
1198 2525 1372 2567 genetivo
1396 2523 1484 2567 βίου
1503 2534 1570 2567 po·

889 2569 1008 2602 situm.

892 2606 1091 2691 171ἱέὄπερ
1072 2608 1325 2657 ρᾶρχόμενος
1356 2611 1507 2658 ἔλεγονε
1531 2625 1566 2656 p.

935 2704 976 2736 19
1001 2699 1057 2742 εἰς
1081 2700 1232 2746 φρέατα
1247 2725 1291 2730 -
1310 2699 1394 2746 ἒμπ,

892 2747 1023 2781 dorfius
1045 2750 1205 2781 conferri
1226 2749 1329 2781 iubet
1351 2759 1386 2790 p.
1406 2749 1506 2781 165ss
1524 2745 1568 2783 τό

891 2787 1096 2836 λεγόμενον
1124 2790 1166 2826 ἐν
1196 2790 1337 2838 φρέατι
1367 2788 1571 2837 συνεχόμε-

1433 2704 1565 2736 ‘Hein-

1587 205 1654 239 174
