1748 2950
342 163 398 202 2⁰
795 158 1206 200 PROLEGOMENA

343 276 468 311 artem
507 271 590 309 sive
631 268 708 319 τὴν
749 266 1101 318 εὶδωλοποιϊκήντ
1141 270 1196 308 ita
1235 271 1338 309 enim
1381 270 1474 317 flet,
1517 272 1564 307 ut
1600 269 1667 307 ubi

342 328 412 367 ine
441 327 665 372 delituerit,
697 326 815 363 facile
844 325 1208 364 animadvertamus.

456 393 557 430 Sunt
587 393 707 441 igitur
734 391 834 428 duae
863 391 1018 442 species
1047 389 1122 438 τῆς
1149 387 1403 441 μιμητικῆς,
1442 400 1539 435 una,
1569 399 1668 437 quae

344 448 528 498 exprimit
563 459 696 484 rerum
728 445 875 483 formas
905 447 981 495 ipsi
1011 446 1167 483 veritati
1195 445 1493 489 convenientem
1529 442 1667 490 altera,

343 515 444 553 quae
481 502 642 540 exhibet
682 501 872 550 imagines
911 500 959 537 ad
990 501 1163 551 speciem
1194 501 1463 538 tantummodo
1492 499 1669 535 veritatis

339 569 563 608 expressas.
621 556 729 594 Illam
771 552 1038 602 εἰκαστικήν,
1078 554 1178 593 hauc
1218 549 1516 609 ([ανταστικήιὶ
1557 558 1669 590 recte

338 613 572 651 dixerimus.
630 611 706 649 llic
736 623 831 649 vero
863 622 979 659 quum
1002 610 1160 648 dubium
1193 610 1257 655 sit,
1286 609 1335 646 ad
1366 615 1492 646 utram
1517 614 1668 658 partem

346 668 606 717 sophisticam
636 667 783 704 referri
813 670 1018 715 oporteat,
1046 670 1129 703 tum
1160 676 1257 702 nora
1286 665 1412 701 oritur
1439 663 1669 701 difficultas.

342 722 443 761 Nam
481 721 590 759 istud
631 732 880 771 apparere
918 725 959 758 et
990 719 1160 757 videri
1189 731 1262 756 nec
1293 724 1423 756 tamen
1453 730 1590 765 esse,
1628 720 1670 755 et

346 777 523 815 dicere
561 775 730 825 aliqua
769 787 898 826 neque
928 780 1057 813 tamen
1087 786 1227 820 vera,
1263 773 1364 811 haec
1396 774 1525 811 onmia
1554 772 1671 827 plena

344 836 437 870 sunt
464 831 735 877 difficultatis,
778 829 1091 879 quandoquidem
1129 829 1429 878 haudquaquam
1465 828 1581 865 facile
1611 827 1670 864 in-

345 888 510 926 teliectu
542 889 624 933 est,
655 886 720 936 qui
750 885 836 922 fieri
868 885 1015 935 possit,
1045 888 1088 922 ut
1117 885 1182 933 qui
1212 884 1317 921 dicat
1348 883 1445 920 salsa
1475 882 1671 920 dicentem

347 947 389 980 et
419 942 645 991 opinantem
684 952 778 977 vere
815 952 927 986 esse,
966 950 1043 977 non
1083 951 1218 977 secum
1257 939 1345 989 ipso
1378 942 1537 988 pugnet.
1596 936 1672 974 Sn-

345 998 467 1035 mitur
505 997 606 1033 enim
636 997 713 1042 ita,
758 995 863 1044 quod
893 1005 986 1032 non
1021 995 1112 1041 sit,
1157 995 1261 1032 idem
1293 998 1421 1031 tamen
1453 1004 1570 1030 esse
1607 991 1671 1041 (Ρ.

345 1052 440 1091 235.
470 1050 513 1088 Β.
546 1071 595 1079 -
629 1051 721 1088 2:37.
754 1051 831 1098 A.).
890 1049 944 1087 Et
971 1053 1120 1099 pugnat
1149 1048 1248 1086 liaeo
1276 1049 1363 1098 ipsa
1394 1048 1526 1098 opinio
1549 1046 1671 1084 vehe-

345 1111 504 1145 menter
539 1118 626 1143 cum
667 1104 911 1142 nobilissima
949 1104 1016 1142 iila
1053 1103 1298 1142 Parmenidis
1337 1103 1558 1149 sementia,
1598 1112 1673 1150 qua

344 1157 395 1201 ’τὸ
437 1156 488 1200 ὂν
526 1158 796 1199 tantummodo
835 1172 926 1197 esse
964 1171 1086 1209 posse
1114 1159 1312 1197 statuitur.
1371 1158 1470 1195 Nam
1498 1156 1536 1194 id
1568 1156 1673 1206 qnod

345 1228 423 1255 non
464 1220 526 1253 est
564 1220 676 1253 certe
717 1227 844 1264 neque
875 1226 991 1252 esse
1021 1225 1150 1263 neque
1179 1212 1372 1263 aliquid
1403 1217 1470 1250 ant
1498 1212 1672 1261 aliquo

344 1271 490 1310 modo
530 1283 651 1308 esse
688 1274 835 1320 potest.
894 1269 970 1306 lam
1006 1280 1102 1306 vero
1133 1269 1200 1318 qui
1236 1281 1327 1306 non
1365 1267 1559 1316 aliquid
1590 1266 1674 1303 elo·

346 1327 502 1376 quitur,
542 1326 575 1363 is
617 1331 727 1363 certe
766 1324 898 1362 nihil
928 1324 1045 1370 dicit,
1089 1323 1165 1361 hoc
1195 1329 1258 1362 est
1287 1323 1401 1373 plane
1440 1333 1532 1359 non
1563 1321 1674 1368 dicit,

346 1381 538 1431 siquidem
575 1380 719 1429 aliquid
750 1391 909 1431 semper
940 1379 1147 1428 eioquatur
1189 1379 1254 1429 qui
1283 1379 1379 1415 «neit
1410 1389 1573 1427 prorsus
1603 1389 1672 1414 ne-

345 1447 460 1475 cesse
492 1440 555 1473 est
599 1434 663 1484 (P.
689 1435 782 1472 237.
806 1436 850 1472 A.
874 1455 913 1460 -
945 1433 1039 1470 2:38.
1060 1434 1138 1483 A.).
1197 1434 1410 1472 Praeterea
1440 1433 1524 1469 eius
1567 1431 1674 1481 qnod

344 1503 422 1529 non
455 1495 518 1527 est
547 1489 646 1539 (τοῦ
673 1487 733 1538 μὴ
766 1486 912 1538 ὄντος)
955 1489 1060 1526 nulia
1098 1501 1188 1526 esse
1229 1492 1396 1540 possunt
1434 1486 1674 1537 praedicata,

344 1551 390 1584 ut
418 1546 539 1583 hodie
568 1545 788 1594 loquimur3
820 1546 954 1593 itaque
987 1556 1059 1581 nec
1078 1555 1213 1581 eornm
1234 1555 1333 1593 quae
1355 1549 1445 1580 sunt
1463 1541 1672 1592 quidquam

344 1601 403 1639 ini
442 1601 536 1638 licet
574 1600 812 1645 attribuere,
854 1599 976 1635 veluti
1014 1610 1242 1644 nnmerum,
1281 1598 1347 1647 qui
1385 1598 1491 1634 inter
1519 1609 1567 1633 ca
1594 1600 1672 1643 est,

345 1667 444 1705 quae
467 1667 556 1692 esse
571 1649 833 1691 affirmamus:
853 1653 1106 1702 quamobrem
1128 1654 1192 1703 qui
1210 1664 1287 1690 non
1307 1656 1378 1690 ens
1396 1648 1476 1702 (μὴ
1495 1646 1565 1702 ὄν)
1586 1655 1672 1689 tan-

345 1722 459 1760 quam
489 1722 606 1746 unum
637 1709 819 1758 quiddam
849 1713 916 1745 aut
945 1719 1021 1745 nou
1052 1708 1157 1746 entia
1186 1712 1230 1745 ut
1250 1707 1363 1757 plura
1380 1709 1672 1753 commemorat,

344 1766 378 1804 is
409 1764 506 1801 nihil
534 1764 641 1802 dicit.
699 1763 801 1812 Quid
842 1762 945 1812 quod
986 1762 1048 1808 id,
1087 1763 1192 1812 qnod
1232 1774 1309 1800 non
1340 1767 1426 1808 est,
1461 1773 1511 1798 ne
1540 1765 1674 1799 mente

345 1820 503 1869 quidem
549 1823 590 1856 et
634 1819 875 1868 cogitatione
924 1817 1150 1867 intelligere
1194 1818 1301 1855 licet.
1377 1817 1494 1864 Quod
1541 1815 1672 1854 nutem

343 1874 469 1913 multo
498 1874 621 1923 magis
652 1874 791 1911 mirum
827 1876 901 1918 est,
931 1872 1010 1909 imo
1042 1884 1134 1910 vcro
1165 1871 1397 1917 absurdum,
1427 1883 1477 1909 ne
1507 1874 1673 1921 possunt

345 1929 501 1980 quidem
543 1928 663 1974 haec,
714 1940 814 1977 qnae
858 1928 1184 1974 memoravimuS,
1230 1926 1310 1964 uuo
1349 1925 1466 1964 modo
1505 1925 1555 1963 de
1595 1937 1672 1965 nou

344 1988 437 2022 ente
472 1983 561 2021 dici.
625 1983 702 2032 Qui
745 1984 847 2020 enim
894 1981 990 2019 illud
1037 1982 1312 2032 inexpiicabiie
1360 1985 1428 2018 aut
1471 1979 1672 2031 ineffabile

344 2051 436 2077 esse
473 2043 635 2085 censet,
675 2038 709 2075 is
751 2050 799 2075 eo
835 2038 923 2087 ipso
960 2036 1056 2075 illud
1096 2049 1186 2075 esse
1225 2036 1363 2075 statuit
1400 2039 1442 2073 et
1482 2035 1671 2083 affirmat,

342 2094 513 2144 ideoque
530 2105 667 2133 secum
691 2093 779 2144 ipse
798 2095 948 2144 pugnat
967 2092 1149 2132 mirifice.
1180 2091 1242 2142 (P.
1261 2091 1355 2130 238.
1373 2090 1418 2130 B.
1433 2111 1476 2119 -
1492 2089 1587 2128 23⁹.
1605 2086 1671 2143 Β.)

345 2208 350 2215 ,
452 2170 556 2208 Ilinc
583 2181 679 2207 vero
709 2174 874 2220 apparet
904 2168 1042 2206 falsam
1072 2168 1247 2219 speciem
1276 2177 1536 2216 erroremque
1562 2166 1672 2211 nullo

341 2223 459 2262 modo
498 2237 589 2263 esse
626 2236 758 2274 posse.
817 2224 916 2262 Nam
953 2224 1109 2274 species
1151 2223 1250 2262 salsa
1293 2234 1410 2272 quum
1447 2234 1513 2260 res
1541 2221 1591 2260 ab
1620 2233 1671 2259 eo

342 2281 451 2330 quod
480 2285 544 2318 est
575 2280 751 2317 diversas
772 2278 942 2328 ideoque
961 2278 1056 2316 alias
1073 2282 1363 2328 repraesentet,
1393 2288 1521 2325 neque
1550 2275 1671 2315 eti-m

342 2334 551 2385 quidquam
573 2334 612 2371 in
641 2346 773 2371 rerum
803 2340 943 2372 natura
967 2334 1204 2384 reperiatur,
1234 2330 1337 2382 quod
1365 2343 1442 2369 non
1473 2343 1563 2369 esse
1591 2329 1670 2372 dici

343 2396 483 2439 queat;
531 2394 643 2426 certe
679 2387 789 2426 fraus
828 2394 947 2438 atque
989 2400 1102 2426 error
1140 2386 1328 2437 uusq'uam
1363 2385 1487 2424 habet
1524 2385 1670 2426 locum.

342 2444 455 2491 Quod
479 2444 513 2481 si
544 2445 598 2492 ita
629 2446 717 2489 est,
756 2456 806 2481 ne
835 2442 1024 2494 Sophista
1066 2441 1223 2492 quidem
1253 2443 1359 2480 iuter
1388 2441 1669 2490 praestigiato-

340 2510 406 2537 res
436 2499 700 2537 numerandus
729 2499 895 2536 videtur.
956 2495 1018 2550 (1¹.
1048 2497 1143 2535 239.
1172 2497 1216 2535 B.
1248 2517 1300 2525 -
1330 2494 1426 2534 241.
1458 2492 1522 2544 C.)

452 2575 592 2624 Neque
631 2579 761 2611 tamen
802 2575 862 2611 vei
893 2575 950 2612 sic
979 2573 1194 2623 desperare
1226 2573 1320 2610 iicet
1351 2570 1531 2608 futurum
1559 2581 1666 2617 esse,

340 2634 384 2668 ut
410 2641 541 2669 veram
570 2630 656 2668 eius
685 2629 857 2668 indolem
887 2633 1144 2677 naturamque
1173 2626 1380 2677 aliqnando
1400 2625 1664 2675 exquiramus.
