1748 2944
81 840 114 865 10

692 93 989 129 ΘΕΑΙΤΗΤΟΣ.

129 211 346 273 ὀνόματα,
371 210 495 267 ὄψεις
519 228 566 257 τε
589 211 662 256 καὶ
696 208 824 256 ἀκοαὶ
850 211 924 255 καὶ
946 207 1187 268 ὀσφρήσεις
1212 208 1287 253 καὶ
1318 205 1470 262 ψύξεις
1502 224 1551 252 τε
1575 213 1641 249 156

1495 87 1550 131 85

131 282 205 328 καὶ
231 280 406 334 καύσεις
427 281 500 326 καὶ
524 277 687 337 ἡδοναί
707 297 758 337 γε
786 278 841 337 δὴ
866 279 938 324 καὶ
964 279 1098 323 λῦπαι
1120 277 1195 322 καὶ
1220 277 1454 334 ἐπιθυμίαι
1478 275 1553 320 καὶ

130 348 262 408 φόβοι
287 349 547 407 κεκλημέναι
579 348 653 392 καὶ
677 345 830 404 αλλαι,
863 345 1101 404 ἀπέραντοι
1133 344 1215 402 μὲν
1239 347 1288 389 αἱ
1308 340 1550 401 ἀνώνυμοι,

131 423 414 500 παμπληθεῖς
439 414 488 461 δὲ
518 418 568 460 αἱ
589 412 918 474 ωνομασμέναι
953 412 1001 459 τὸ
1026 410 1070 459 δ’
1098 431 1154 458 αυ
1180 410 1400 470 αἰσθητὸν
1423 412 1552 468 γένος

97 499 114 525 5
130 483 299 531 τούτων
325 482 526 536 ἑκάσταις
550 480 791 541 ὁμόγονον,
828 480 955 536 ὄψεσι
985 481 1067 540 μὲν
1102 478 1309 540 χρώματα
1333 482 1552 524 παντοδα-

132 564 234 606 παῖς
259 549 544 609 παντοδαπα,
574 548 727 604 ἀκοαῖς
760 550 810 596 δὲ
834 548 1043 602 ὡσαύτως
1066 553 1238 607 φωναί,
1264 547 1337 593 καὶ
1360 557 1455 600 ταῖς
1480 544 1554 591 αλ·
1579 552 1608 586 C

131 627 226 674 λαις
251 618 488 677 αἰσθήσεσι
511 618 564 664 τὰ
588 618 700 664 ἄλλα
724 616 916 676 αἰσθητοὶ
941 619 1131 676 ξυγγενῆ
1149 614 1401 674 γιγνόμενα.
1429 619 1474 660 τί
1496 613 1552 671 δὴ

130 681 211 734 οὗν
235 684 341 746 ἡμῖν
371 685 579 745 βούλεται
612 679 740 740 οὗτος
771 685 795 731 ὁ
827 689 996 745 μῦθος,
1030 685 1063 731 ὦ
1089 690 1326 743 Θεαίτητε,
1359 681 1469 740 πρὸς
1501 698 1554 728 τα

130 773 345 815 n90t89a3
371 773 458 813 ἄρα
484 756 672 808 δννθέἴς·
661 790 673 810 ,

234 829 393 869 ΘΕΑΙ.
445 819 512 868 Οὐ
535 820 677 880 πάνυ,
704 815 738 866 ὦ
759 819 1008 881 Σώκρατες.

232 897 331 937 ΣΩ.
379 887 497 936 Ἀλλ’
524 889 656 947 ἄθρει
683 887 761 935 εὀἱν
784 907 878 942 πως
902 887 1195 947 ἀποτελεσθῇ.
1239 885 1446 945 βούλεται
1469 883 1554 945 γὰρ

132 958 186 1017 δὴ
213 959 358 1017 λέγειν
389 956 447 1011 ὡς
470 959 607 1003 ταῦτα
631 955 776 1003 πάντα
806 959 912 1016 με’ν,
947 953 1095 1016 ὥσπερ
1120 957 1327 1014 λέγομεν,
1353 964 1555 1011 κινεῖται,

130 1025 259 1085 τάχος
285 1026 334 1071 δὲ
366 1027 440 1071 καὶ
472 1023 697 1084 βραδυτὴς
729 1030 795 1071 ἔνι
827 1027 882 1085 τῇ
915 1023 1086 1083 κινήσει
1122 1021 1284 1069 αὐτῶν.
1335 1019 1442 1069 ὅσον
1472 1021 1555 1080 μὲν

131 1088 215 1141 οὖν
248 1091 414 1154 βραδύ,
455 1095 503 1139 ἐν
543 1095 604 1154 τῷ
645 1090 764 1154 αὐτῷ
796 1094 870 1138 καὶ
911 1090 1020 1152 πρὸς
1052 1091 1105 1136 τά
1147 1089 1440 1149 πλησιάζοντα
1472 1088 1554 1147 τὴν

82 1179 115 1205 15
133 1166 309 1221 κίνησιν
334 1167 445 1219 ἴσχει
471 1162 543 1206 καὶ
563 1157 678 1206 οὕτω
699 1158 754 1218 δὴ
773 1165 925 1221 γεννᾷ,
946 1160 997 1205 τὰ
1019 1160 1067 1206 δὲ
1086 1158 1344 1218 γεννώμενα
1361 1157 1475 1204 οὕτω
1498 1155 1552 1215 δὴ
1576 1166 1610 1198 D

225 1295 474 1326 ltsom.A⁸.
588 1294 799 1326 ⁴1.·.som...<!‘³

132 1337 403 1376 παντοδαπαῖς
420 1337 541 1372 ἳῖΔΠ
554 1338 637 1370 Bklc.
649 1336 948 1390 ,παντοδαπαῖς
966 1331 1146 1390 χρώματα
1164 1344 1197 1372 ς.

917 1294 937 1325 5
962 1286 1121 1342 ἑκάστης
1138 1291 1268 1326 QAH.
1378 1286 1555 1342 χρώματα

1293 1337 1335 1368 15
1351 1337 1441 1369 Post
1457 1345 1557 1368 ουτω

135 1380 184 1426 δὴ
211 1383 410 1416 Cornarius
434 1382 577 1415 addidit
607 1363 824 1439 βραδύτερα
847 1379 965 1416 ἐστιν·
990 1378 1081 1415 ὅσον
1107 1378 1152 1415 δὲ
1177 1392 1228 1415 αν
1251 1376 1367 1432 ταχύ,
1390 1377 1503 1432 πρὸς
1507 1377 1557 1413 τὰ

133 1427 335 1473 πόρρωθεν
352 1423 423 1469 τήν
442 1427 595 1471 κίνησιν
615 1427 713 1471 ἴσχει
731 1427 795 1462 και
814 1438 914 1461 ουτω
931 1426 1067 1470 γεννᾷ,
1092 1437 1137 1460 τα
1157 1423 1202 1460 δε
1220 1420 1439 1469 γεννώμενα
1457 1419 1557 1459 οὕτω

134 1536 228 1585 πρὸς
252 1534 417 1583 αλληλα.,
444 1551 479 1583 p.
499 1540 602 1574 153A
623 1551 723 1584 φορα
743 1539 809 1574 καὶ

134 1587 274 1630 τρῖψις.

181 1643 199 1674 1
238 1642 488 1675 ‘Nominativi
520 1635 630 1682 ὄψεις
671 1652 711 1675 τε
744 1640 810 1675 καὶ

135 1682 250 1720 ἀκοαὶ
280 1687 356 1738 κτλ.
383 1686 466 1719 ideo
494 1692 694 1730 ponuntur,
724 1688 811 1730 quia

135 1728 286 1785 ἔχουσιν
310 1725 484 1774 ὀνόματα
506 1732 603 1764 idem
633 1735 689 1765 est
712 1732 809 1775 quod

136 1772 401 1818 ὀνομάζονται.
421 1776 666 1813 Phaed‚102C
685 1771 809 1827 ὁΣιμ-

135 1820 226 1863 μίας
244 1816 464 1874 ἐπωνυμίαν
489 1819 570 1864 ἔχει
593 1816 746 1866 σμικρός
770 1833 809 1855 τε

137 1864 201 1899 καὶ
219 1862 337 1908 μέγας
357 1862 482 1900 εἷναι.’
503 1867 807 1900 STALLBAUMIUS.

180 1926 246 1960 καὶ
265 1922 469 1970 ὀσφρήσεις
486 1926 550 1960 καὶ
564 1925 743 1968 ψύξεις.τ

137 1974 260 2006 cinus:
291 1973 511 2013 olfactus,
536 1977 713 2015 gustus,
742 1929 810 2005 Ja—

136 2022 324 2060 ctusque
345 2017 614 2060 frigidorum
632 2021 675 2050 et
694 2018 809 2050 cali-

137 2063 302 2104 dorum,
322 2063 432 2103 unde,
451 2063 590 2105 opinor,
609 2062 809 2095 Cornarius

137 2108 285 2140 duorum
308 2107 367 2140 hic
389 2118 559 2140 sensuum
580 2109 726 2140 nomina
753 2108 810 2140 de-

136 2163 216 2186 esse
233 2153 499 2206 legendumque
524 2151 588 2186 καὶ
605 2147 811 2206 ὄσφρήσεις

136 2195 202 2231 καὶ
215 2207 363 2240 γενσεις
376 2195 442 2230 καὶ
455 2197 583 2238 θίξεις
595 2196 660 2231 καὶ
676 2195 811 2239 ψύξεις

137 2243 326 2276 coniecit)
349 2243 625 2276 Hmnnonmns.
662 2243 734 2276 Sed
757 2254 811 2276 re-

137 2289 297 2320 ctissime
329 2287 685 2321 Schleiermacherus
718 2299 811 2321 com-

136 2334 282 2385 paravit
303 2333 421 2366 locum
445 2334 627 2384 geminum
650 2344 686 2375 p.
705 2335 810 2366 1861)

141 2377 191 2410 Τι’
206 2369 276 2411 οὖν
293 2373 342 2430 δὴ
361 2372 495 2430 ἐκείνῳ
513 2372 748 2430 ἆποδίδως”
726 2389 812 2411 ονο-

136 2433 202 2464 μα,
222 2421 274 2465 τῷ
291 2417 400 2474 ὁρᾶν,
419 2416 588 2461 ακούειν,
603 2417 808 2466 ὀσφραίνε-

136 2467 248 2510 σθαι,
265 2463 478 2511 ψύχεσθαι,
498 2468 808 2510 θερμαίνεσθαι;

180 2529 200 2559 ‘2
226 2526 291 2561 καὶ
307 2524 452 2581 ἡδοναί
465 2540 506 2571 γε
524 2524 573 2572 δὴ
591 2528 656 2562 καὶ
675 2530 704 2564 λ.
731 2530 812 2562 Sic

136 2567 177 2616 γὲ
195 2575 233 2604 et
254 2569 295 2616 γὲ
319 2570 395 2617 δὴ
384 2585 423 2607 in
441 2575 677 2617 complurium
693 2585 812 2607 rerum

136 2619 352 2651 recensione
390 2620 561 2662 usurpari
598 2619 706 2658 solet,
747 2620 811 2652 ubi

136 2672 215 2695 cum
243 2663 281 2695 vi
303 2666 341 2696 et
364 2665 547 2707 gravitate
576 2664 731 2706 quadam
760 2665 812 2696 di-

135 2717 265 2740 versae
283 2709 328 2740 ab
345 2710 499 2751 reliquis
514 2710 685 2743 notiones
710 2710 810 2743 dein-

138 2762 223 2794 ceps
241 2758 506 2787 enumerantur
540 2755 633 2788 Vide
652 2765 746 2797 quae
765 2756 810 2787 de

138 2796 263 2830 eodem
280 2808 348 2831 usu
363 2799 518 2832 voculae
542 2810 583 2843 γε
602 2800 810 2833 notavimus

881 1541 928 1573 ad
955 1541 1068 1583 Hipp.
1098 1541 1182 1572 mai.
1212 1538 1316 1573 301A
1345 1542 1383 1572 et
1410 1538 1555 1582 apolog.

879 1587 988 1619 34D.’
1008 1586 1167 1620 Suum.

926 1631 946 1663 8
974 1626 1067 1672 πρὸς
1097 1641 1142 1663 τα
1171 1623 1354 1673 πρότερα;
1389 1640 1424 1672 p.
1450 1629 1556 1662 153D

872 1669 1063 1718 Ὗπόλαβε
1093 1675 1224 1709 τοίνυν
1250 1693 1294 1698 -
1325 1685 1359 1718 Ρ
1382 1674 1482 1708 1550
1507 1673 1557 1707 εἴ·

877 1732 948 1763 περ
984 1719 1050 1754 καὶ
1083 1719 1205 1754 ταῦτα
1236 1716 1557 1764 παραδεξόμεθα.

880 1767 968 1799 Cpr..

925 1813 964 1843 11
984 1806 1064 1852 αθρ
1069 1821 1101 1844 ει
1119 1804 1187 1843 ἐάν
1205 1820 1292 1861 πως
1300 1804 1556 1861 ἀποτελεσθῇ.

879 1857 918 1889 Ρ.
939 1822 1064 1889 192Εο
1065 1850 1139 1890 Ἰδὲ
1170 1852 1219 1899 δὴ
1249 1849 1316 1888 ἒαν
1346 1865 1382 1888 τι
1410 1853 1557 1898 μᾶλλον

879 1900 951 1934 νῦν
980 1895 1132 1943 επίσπῃ.
1176 1900 1233 1932 Cf.
1264 1900 1306 1933 G.
1323 1900 1556 1933 Hermannus

881 1946 929 1978 ad
959 1947 1084 1988 Viger.
1121 1956 1156 1988 p
1189 1946 1256 1978 832
1290 1955 1342 1987 sq.
1386 1944 1558 1977 Socrates

880 2001 975 2034 quae
994 1995 1104 2023 antea
1123 1990 1291 2032 exposuit
1315 1990 1481 2033 pluribus
1499 1991 1556 2023 est

880 2036 1130 2078 explicaturus
1154 2039 1191 2068 et
1217 2035 1462 2068 absoluturus.
1512 2034 1557 2066 In

880 2081 1038 2114 omnium
1055 2090 1174 2112 rerum
1190 2083 1307 2121 motu,
1331 2080 1471 2122 inquit,
1499 2083 1557 2112 est

879 2125 1039 2158 tarditas
1069 2128 1106 2158 et
1135 2125 1320 2158 celeritas.
1358 2125 1437 2157 Iam
1467 2135 1555 2158 vero

878 2172 994 2204 motui
1011 2170 1145 2213 agendi
1163 2174 1200 2203 et
1217 2170 1386 2213 patIendi
1401 2171 1474 2203 vim
1492 2170 1556 2202 ha-

880 2217 983 2249 benti
999 2217 1024 2250 i.
1043 2227 1074 2249 e.
1094 2216 1208 2248 motui
1224 2216 1388 2258 utrique,
1415 2216 1477 2258 qui
1501 2218 1558 2248 est

881 2271 1079 2304 generans,
1098 2261 1259 2294 tarditas
1275 2261 1466 2300 tribuitur;
1495 2271 1557 2303 ge-

880 2317 1014 2339 nerans
1032 2307 1128 2338 enim
1147 2305 1273 2339 eodem
1292 2307 1373 2339 loco
1390 2309 1559 2340 movetur

880 2355 1087 2394 motumque
1119 2354 1267 2384 exercet
1298 2352 1338 2384 in
1366 2362 1424 2384 res
1452 2361 1557 2383 acce-

883 2396 1019 2430 dentes.
1060 2397 1112 2429 Iis
1129 2400 1252 2429 autem
1270 2406 1363 2438 quae
1409 2406 1542 2429 eneran

879 2443 976 2474 turi.
999 2452 1029 2474 e.
1049 2436 1278 2484 αἰσθήσεσιν
1295 2445 1332 2474 et
1351 2407 1557 2485 αιςσθητοῖς

879 2487 1055 2520 tribuitur
1083 2487 1275 2528 celeritas·
1302 2496 1430 2519 sensus
1460 2487 1557 2519 enim

881 2535 918 2564 et
936 2542 1029 2575 quae
1046 2532 1216 2566 sensibus
1232 2532 1485 2575 percipiuntur
1497 2541 1557 2563 ce-

879 2577 949 2609 leri
962 2580 1062 2610 motu
1079 2578 1256 2612 feruntur.

927 2623 968 2654 12
992 2622 1192 2656 κινεῖσθαι
1215 2621 1399 2665 significat
1417 2625 1453 2654 et
1470 2631 1555 2653 mo-

879 2667 978 2699 veri
1002 2670 1038 2700 et
1066 2668 1238 2701 mutari.
1287 2667 1327 2701 Ρ
1354 2666 1455 2699 1810
1474 2657 1556 2715 ἆρα

880 2712 1079 2745 κινεῖσθαι
1095 2713 1246 2751 καλεῖς,
1265 2723 1359 2745 οταν
1377 2722 1413 2744 τι
1431 2705 1557 2765 χώραν

880 2750 922 2789 ἐκ
940 2751 1060 2799 χώρας
1106 2750 1339 2800 εταβαλλῃἋ
1314 2769 1337 2799 η
1356 2754 1422 2789 καὶ
1447 2750 1487 2789 ἐν
1504 2755 1556 2802 τῷ

880 2795 980 2845 αὐτῷ
997 2810 1061 2845 στρ
1087 2813 1218 2845 φηται.
