1748 2950
532 171 603 213 Al)
642 168 975 213 SOPHISTAM.
1375 164 1429 212 11

74 288 135 328 cla
187 287 339 336 omnia,
401 285 573 324 identica
622 285 902 326 tantummodo
961 282 1223 335 reliques-mm
1273 285 1429 334 'Quod

72 346 205 396 ipsum
248 343 384 395 tetigit
413 343 530 381 Plato
569 343 608 381 in
639 341 832 393 Sophista
863 355 902 393 p.
934 341 1030 379 259.
1063 341 1108 379 Ε.
1140 353 1214 394 sqq
1258 346 1301 378 et
1330 342 1429 383 2511.

72 402 125 442 A.
153 414 239 452 sqq.
278 401 344 440 uhi
383 399 485 438 hanc
518 399 713 439 rationem
750 399 1012 449 conqueritur
1032 398 1090 435 'ab
1121 398 1274 447 argutis
1307 398 1428 436 trica-.

71 470 162 496 rum
201 456 477 509 captatoribus
514 456 656 494 mirum
697 460 887 506 qnantum
928 454 1126 505 usurpari,
1166 454 1274 493 conf.
1305 455 1428 493 etiam

71 513 299 554 Parmenid.
328 527 355 566 p
395 512 490 550 142.
520 513 556 551 A
605 512 698 550 161.
721 513 767 549 Α.
798 511 971 550 Theaet.
992 525 1028 562 p.
1053 511 1147 550 18⁰.
1179 508 1428 562 Euthydenm

73 584 112 622 p.
142 571 238 609 284.
270 570 314 609 A.
361 569 517 608 Phileb.
558 581 596 619 p.
631 569 694 607 u.
730 567 774 606 G.
815 580 900 619 sqq.
946 567 1013 608 15.
1052 567 1100 607 A.
1138 579 1224 622 sqq.
1294 568 1426 605 Exco-=

72 627 198 666 luisse
226 638 322 665 vero
360 626 463 664 hanc
492 624 793 675 Megaricorum
825 625 1033 664 doctrinae
1066 628 1222 674 partem
1254 625 1427 662 maxime

72 682 317 734 Stilponem,
377 694 482 720 tiiinc
537 693 616 719 non
672 685 736 719 est
787 693 859 719 cur
915 681 1140 718 accuratius
1196 681 1426 720 doceamus.

70 739 340 791 Exposuimus
371 739 475 777 euim
505 737 557 776 de
585 737 651 776 his
679 737 803 776 rebus
839 737 879 776 in
910 737 1217 788 Prolegomenis
1247 736 1296 774 ad
1328 736 1420 779 Par,

71 795 285 836 menidem.

183 853 318 902 Atque
363 851 464 889 haec
509 849 669 901 quidem
716 850 751 887 si
802 861 900 887 vere
953 849 1263 900 explicavimus,
1306 849 1427 889 facile

70 914 263 960 apparet,
311 920 389 958 quo
442 907 600 945 viuculo
639 906 892 944 Theaetetus
932 909 975 943 et
1014 905 1207 956 Sophista
1245 905 1426 944 Platonis

70 967 179 1004 iuter
216 977 261 1003 se
288 965 413 1003 iuncti
453 964 544 1002 sint.
605 963 705 1001 Nam
746 962 865 1001 sicuti
910 962 949 1000 in
986 961 1218 1000 Theaeteto
1256 962 1427 1001 docetur

70 1022 280 1060 veritatem
322 1033 451 1070 neque
481 1021 521 1058 in
559 1020 655 1058 visis
697 1031 827 1068 neque
864 1019 903 1057 in
943 1019 1132 1069 opinione
1172 1031 1264 1057 esse
1303 1032 1426 1069 quae-

69 1079 257 1125 rendam,
296 1078 350 1115 ita
381 1077 574 1128 Sophiste
609 1088 659 1114 eo
698 1077 899 1126 pertinet,
939 1080 985 1113 ut
1018 1075 1099 1113 Eas
1143 1076 1241 1113 illud
1273 1075 1427 1114 Eleati-

70 1147 159 1173 cum
195 1138 237 1173 et
278 1134 392 1172 ideas
437 1132 605 1171 stabiles
643 1136 764 1182 atque
810 1133 996 1170 immotas
1037 1131 1338 1182 Megaricorum
1377 1131 1426 1170 ad

69 1191 337 1242 cognitionem
377 1190 558 1227 veritatis
611 1201 689 1226 uon
731 1187 925 1227 sufficere
968 1187 1291 1226 demonstretur:
1345 1189 1426 1227 imo

70 1259 166 1285 vero
201 1247 471 1298 significatur,
502 1250 655 1284 motum
685 1257 814 1295 aeque
844 1258 889 1282 ac
921 1246 1100 1295 quietem
1130 1245 1168 1283 in
1198 1245 1302 1284 ideis
1334 1257 1428 1284 esse

70 1307 274 1355 oportere,
305 1303 339 1341 si
370 1303 456 1352 quis
481 1302 576 1341 iude
603 1301 783 1339 veritatis
805 1306 995 1339 aeternae
1021 1302 1229 1340 scientiam
1261 1301 1425 1341 haurire

67 1360 190 1406 x·elit;
228 1361 268 1398 iu
299 1372 375 1410 qua
405 1359 492 1410 ipsa
521 1371 569 1397 re
613 1358 760 1408 dialogi
798 1362 1075 1408 argumentum
1120 1358 1290 1396 maxime
1328 1371 1423 1397 conq

68 1417 191 1455 tineri
228 1416 514 1454 existimamus.
583 1415 744 1465 Quippe
786 1414 986 1452 dialectici
1034 1415 1119 1452 veri
1165 1419 1286 1465 atque
1325 1427 1425 1466 ger-s

69 1473 175 1511 mani
204 1471 438 1524 philosophi
469 1484 562 1510 esse
592 1471 763 1518 dicitur,
806 1472 935 1509 varias
965 1475 1008 1509 et
1037 1470 1281 1522 multiplices
1312 1472 1423 1509 idea„

68 1542 157 1568 rum
193 1529 371 1567 rationes
409 1529 621 1579 explorare
661 1530 704 1566 et
742 1539 934 1577 quaenam
976 1528 1029 1565 sit
1069 1540 1205 1566 earum
1242 1528 1422 1571 necessi-

68 1585 165 1626 tudo
209 1590 330 1636 atque
369 1584 596 1623 coniunctio
642 1584 859 1634 indagare:
915 1583 1020 1634 quod
1068 1584 1229 1634 quidem
1278 1596 1422 1625 munus

67 1642 226 1681 Platoni
285 1645 399 1681 tauto
456 1641 582 1679 maius
642 1643 835 1691 tantoque
898 1640 1231 1678 honorificentius
1291 1642 1421 1683 visum

69 1703 158 1746 est,
212 1697 318 1749 quod
364 1698 476 1737 ideas
526 1710 619 1736 trias
667 1708 745 1735 non
794 1697 902 1736 solas
956 1697 1104 1735 mentis
1151 1698 1421 1747 cogitationes

69 1769 161 1794 esse
205 1755 353 1802 voluit,
397 1754 470 1793 sed
517 1754 652 1805 potius
696 1766 843 1805 reapse
891 1756 1030 1791 extare
1077 1754 1295 1792 arbitratus
1336 1758 1416 1802 est,

70 1813 127 1850 ita
170 1815 216 1850 ut
261 1823 396 1849 veram
437 1823 573 1849 rerum
623 1811 797 1848 omnium
836 1806 994 1849 οὐσίαν
1034 1822 1194 1849 omnem
1237 1812 1419 1853 contine:-

69 1872 187 1913 reut;
239 1866 291 1905 de
340 1879 417 1917 qna
473 1866 708 1917 philosophi
766 1866 966 1905 sententia
1027 1879 1157 1917 nuper
1213 1868 1419 1918 copiosius

70 1924 327 1975 exposuimus
365 1924 403 1961 in
434 1922 740 1974 Prolegomeuis
779 1924 827 1961 ad
859 1922 1136 1961 Parmenidem
1173 1937 1210 1974 p.
1242 1924 1297 1960 7ss
1329 1936 1419 1973 sqq.

69 1980 155 2018 269
191 1992 276 2030 sqq.
316 1978 424 2018 conf.
465 1980 587 2017 etiam
627 1979 676 2017 G.
716 1979 764 2017 Ε.
805 1979 1028 2019 Schnlze
1068 1979 1180 2029 Disp.
1222 1979 1282 2018 De
1318 1980 1421 2018 ideis

70 2037 302 2075 Platonicis.
355 2036 531 2074 Vitemb.
569 2034 686 2073 1786.
718 2035 758 2074 4.
818 2035 1062 2074 Herbart.
1103 2036 1319 2078 Lehrbuch
1349 2049 1422 2074 zur

68 2093 304 2144 Einleituug
332 2093 374 2131 iu
404 2093 470 2130 die
501 2091 776 2142 Philosophie.
800 2091 861 2129 ed.
885 2093 922 2130 3.
959 2092 1081 2132 1834.
1115 2105 1204 2143 pag.
1225 2093 1307 2129 2⁰7
1331 2106 1418 2142 sqq.

70 2149 348 2188 Bonitzius
388 2148 676 2188 Commentatt.
713 2148 950 2186 Platonicae
988 2147 1038 2187 ΙΙΙ
1085 2161 1124 2200 p.
1153 2150 1179 2187 ἶ
1222 2161 1307 2199 sqq.
1355 2149 1422 2200 qui

70 2206 109 2244 iu
139 2206 305 2244 eandem
336 2205 576 2244 seutentiam
608 2203 922 2254 disputaverunt.

181 2261 332 2301 Verum
365 2262 466 2299 haec
497 2261 577 2300 etsi
605 2261 658 2299 ita
690 2274 782 2299 sese
811 2262 965 2299 habere
994 2262 1134 2312 utique
1164 2261 1419 2311 exploratum

69 2317 287 2365 habemus,
326 2322 462 2357 tamen
499 2329 743 2369 magnopere
779 2317 968 2365 falletur,
1008 2320 1043 2356 si
1083 2319 1170 2368 quis
1203 2319 1422 2366 existimet,

70 2386 298 2415 sermonem
334 2376 374 2414 in
413 2376 492 2413 hoc
523 2374 626 2412 libro
664 2374 807 2412 eodem
851 2376 971 2413 modo
1002 2375 1142 2413 haberi
1172 2380 1294 2425 atque
1325 2388 1420 2413 con-

70 2430 234 2479 tinuari,
282 2444 360 2482 quo
409 2431 618 2470 institutus
668 2435 732 2469 est
778 2432 819 2472 iu
855 2432 1099 2472 Theaeteto.
1166 2431 1249 2468 lmo
1290 2432 1422 2470 munia

72 2497 223 2538 prope,
264 2489 299 2525 si
327 2500 349 2526 a
381 2488 586 2539 personis,
628 2499 729 2537 quae
769 2488 969 2538 colloquio
999 2488 1224 2534 intersunt,
1266 2488 1429 2526 disces--

72 2543 193 2591 seris,
223 2544 289 2581 hic
317 2545 524 2583 immutata
555 2549 673 2590 suut,
703 2548 748 2584 ut:
776 2544 894 2595 plane
921 2556 1041 2590 nova,
1071 2545 1253 2589 insolita,
1285 2545 1421 2594 inspe-

71 2603 156 2635 rata
195 2598 319 2638 videri
356 2601 542 2639 debeant.
602 2599 702 2638 Nam
745 2599 958 2648 Socrates,
998 2599 1116 2639 adest
1144 2601 1214 2638 ille
1244 2601 1420 2650 quidem,

71 2655 143 2692 sed
175 2667 250 2692 uon
279 2660 325 2694 ut
353 2661 579 2695 ceterorum
600 2655 852 2696 familiarium
877 2657 1085 2707 magister,
1116 2657 1184 2707 qui
1214 2658 1268 2694 de
1297 2657 1421 2695 rebus

73 2711 316 2761 gravissimis
353 2715 474 2753 verba
503 2713 650 2762 faciat,
689 2712 762 2752 sed
803 2713 1043 2766 plerumque
1082 2717 1271 2764 tanquam
1307 2713 1421 2752 audi-
