1716 2970
656 149 956 186 ΘΕΑΙΤΗΤΟΣ.
1462 144 1518 187 63

95 269 445 332 προαιρούμενος
467 270 594 328 μέχρι
623 269 700 326 τῆς
732 263 1186 318 ἑπτακαιδεκάποδος
1221 266 1271 310 ἐν
1304 263 1354 309 ὃε
1385 260 1523 323 ταύτῃ

96 358 190 394 πως
217 339 427 397 ἐνέσχετο.
452 333 561 397 ἡμῖν
585 328 668 382 οὖν
694 335 879 393 εἰσῆλθέ
900 354 942 380 τι
966 337 1191 390 τοιοῦτον,
1218 329 1426 389 ἐπειδὴ”
1398 349 1526 377 απει-

98 427 168 466 ροι
190 405 239 454 τὸ
263 408 433 465 πλῆθος
457 408 508 451 αἱ
529 401 740 463 δυναμεις
774 405 1036 461 ἐφαίνοντο,
1068 403 1342 460 πειραθῆναι
1366 401 1525 454 ξυλλα-

98 480 198 533 βεῖν
210 479 271 529 εἰς
283 476 347 531 ἕν,
358 472 446 535 ὅτῳ
456 471 600 526 πάσας
607 470 769 524 ταύτας
778 468 1197 531 προσαγορεύσομεν
1206 467 1282 522 τὰς
1296 466 1521 526 δυνάμεις.
1543 475 1573 506 Ε

198 548 298 589 ΣΩ.
338 535 395 587 ‘H
415 542 490 587 καὶ
514 539 667 598 εὕρετέ
687 559 729 585 τι
751 541 974 594 τοιοῦτον;

201 616 361 656 ΘΕΑΙ.
398 606 578 668 ’Ἐμοιγε
603 610 834 666 δοκοῦμεν.
883 604 1039 652 σκόπει
1065 606 1114 651 δὲ
1138 605 1212 650 καὶ
1237 602 1306 650 σύ.

199 683 299 724 Σῼ.
349 678 476 735 Λέγε.

200 751 360 792 ΘΕΑΙ.

435 742 523 791 Τόν
553 741 749 803 ἀριθμὸν
789 741 933 789 πάντα
967 745 1069 801 δίχα
1113 738 1392 799 διελάβομεν.

1449 738 1527 785 τὸν

97 814 180 873 μὲν
214 813 469 872 δυνάμενον
507 819 605 858 ἴσον
642 809 788 864 ἰσάκις
823 815 1061 868 γίγνεσθαι
1084 812 1147 870 τῷ
1179 805 1444 869 τετραγώνῳ
1477 806 1526 852 τὸ

48 905 80 930 10
98 885 241 941 σχῆμα
266 878 585 934 ἀπεικάσαντες
608 877 890 939 τετράγωνόν
914 878 969 923 ’τε
993 878 1066 923 καὶ
1093 874 1361 935 ἰσόπλευρον
1385 889 1526 934 προσ-

98 954 293 1008 είπομεν.

201 1022 300 1063 ΣΩ.
349 1016 438 1062 Καὶ
463 1008 514 1062 εὖ
538 1034 599 1073 γε.

202 1089 364 1130 ΘΕΛΙ.
413 1081 501 1129 Τόν
519 1087 676 1129 τοίνυν
698 1080 861 1142 μεταξὺ
880 1080 1057 1138 τούτου,
1083 1075 1148 1127 ὧν
1167 1082 1240 1126 καὶ
1259 1077 1312 1126 τοὶ
1330 1084 1433 1138 τρία
1452 1080 1526 1125 καὶ

97 1151 150 1197 τὰ
175 1153 307 1198 πέντε
338 1152 412 1197 καὶ
437 1154 522 1205 πᾶς
554 1148 601 1205 ὃς
625 1147 846 1203 ἀδύνατος
871 1156 964 1204 ἴσος
991 1148 1132 1203 ἰσάκις
1157 1150 1392 1208 γενέσθαι,
1426 1144 1527 1193 ἀλλ’
1549 1157 1613 1189 148

190 1275 212 1305 4
246 1281 604 1321 προσαγορευσομεν

100 1328 172 1360 μεν
189 1319 222 1351 Δ
231 1317 258 1349 C

818 1271 850 1296 Η
1091 1274 1104 1291 l*

269 1342 278 1359 ‚
294 1266 678 1361 προσαγορεύσαιμεῖ·ῐ
688 1271 1126 1369 ῌΛσῗρΐσῗῖξεῖἷσῗοξεν
1141 1281 1206 1351 ῦς
1175 1282 1206 1312 1
1245 1266 1528 1320 προσαγορεύο-

101 1364 190 1404 de.
218 1362 263 1395 de
288 1362 413 1414 Steph.
444 1363 692 1403 correctione,
722 1357 763 1395 τὸ
795 1371 830 1398 ς

1281 1317 1302 1349 8
1325 1310 1533 1349 τὸνῖῐΔΠ

947 1364 988 1395 13
1011 1353 1064 1395 ὧν
1088 1361 1177 1396 <21A³
1188 1361 1239 1395 Π“
1263 1361 1373 1403 Eds„
1405 1352 1433 1393 ὧ
1456 1360 1528 1396 As·-

104 1409 146 1441 14
163 1407 243 1446 ἴσος
261 1402 388 1446 ἰσακις
405 1408 522 1441 ΔΠΓ
540 1407 649 1449 Blek„
668 1402 794 1447 ἰσακις
813 1406 893 1446 ἴσος
910 1415 943 1443 ς.

147 1511 167 1542 2
196 1519 275 1548 πως
302 1508 489 1552 signifieat
517 1519 590 1542 non
618 1509 781 1550 consilio,

103 1554 167 1588 sed
186 1564 274 1587 casu
290 1554 522 1587 Theodorum
546 1555 584 1586 in
601 1554 782 1596 quadrato

102 1603 242 1643 septem
271 1602 309 1632 et
341 1599 470 1632 decem
495 1599 624 1642 pedum
647 1600 781 1632 substi

102 1646 210 1684 tisse,
234 1644 290 1678 ita
311 1649 352 1678 ut
368 1644 437 1677 hoc
459 1655 531 1677 non
550 1645 599 1677 sit
615 1655 781 1687 premen-

102 1690 196 1723 dum.

147 1738 168 1768 3
184 1733 388 1787 ξυλλαβεῖν
402 1732 457 1773 εἰς
475 1731 527 1768 ἓν.
555 1731 613 1768 ’ἓν
627 1746 662 1767 τι
678 1730 781 1773 εἶδος

103 1780 306 1822 quaeritur,
349 1780 445 1822 quod
476 1780 545 1813 hoe
578 1774 780 1823 δυνάμεων

102 1826 247 1857 nomine
288 1825 516 1867 appelletur,
554 1825 658 1858 velut
697 1828 782 1868 post

105 1869 279 1902 Socrates
307 1872 411 1920 aitp
415 1871 553 1905 ,1481)
581 1870 700 1913 πειρῶ
720 1881 782 1921 μι-

103 1912 312 1966 μούμενος
329 1881 411 1956 τήν
434 1913 523 1964 περὶ
554 1914 628 1948 τῶν
662 1910 782 1948 δυναί-

106 1969 206 2001 μεων
235 1952 458 2013 ἀπόκρισιν,
490 1969 620 2002 ωσπερ
639 1956 782 1997 ταύτας

104 1999 248 2041 πολλας
272 1999 390 2041 οὔσας
413 1984 471 2038 ἕνὶ
492 2003 589 2038 εἴδει
605 2002 782 2060 περιέλα-

105 2048 184 2091 βες,
200 2042 300 2083 οὕτω
316 2047 382 2082 καὶ
397 2045 466 2088 τὰς
477 2044 651 2088 πολλὰς’
634 2044 783 2093 επιστή-

105 2105 179 2136 μας
193 2088 250 2127 ἒνὶ
269 2088 366 2137 λόγῳ
382 2097 637 2138 προσειπεῖν)
667 2095 784 2127 Ham-

106 2149 282 2172 nonrms.

150 2186 171 2217 8
189 2179 266 2217 Τὸν
281 2177 452 2227 ἀριθμὸν
465 2179 607 2228 πάντα,
628 2188 785 2218 ‘totam

107 2239 383 2262 numerorum
397 2231 580 2271 seriem,
594 2231 783 2263 utPhaed.

109 2276 172 2307 104
185 2274 216 2306 A
260 2269 280 2307 6
321 2269 459 2318 ἥμισυς
498 2275 566 2309 τοῦ
613 2272 786 2320 ἀριθμοῦ

107 2330 219 2358 απας.
225 2322 235 2339 ’
268 2320 552 2353 menonmns.

151 2360 218 2397 τὸν
250 2375 320 2407 μεν
358 2362 588 2407 δυναμενον.
640 2366 782 2399 Theon

108 2409 249 2460 Smyrn.
267 2410 375 2442 arith.
393 2411 481 2443 XXI
488 2422 533 2462 p.
552 2412 596 2444 56
610 2411 678 2446 Bu.
710 2410 784 2444 τῶν

106 2447 284 2497 ἀριθμῶν
298 2451 420 2510 οἱμὲν
433 2450 558 2494 ἰσακις
567 2454 643 2488 ἴσοι
652 2451 785 2507 τετρά-

107 2499 266 2552 ϊωνοί
234 2497 342 2540 εἰσιν,
359 2510 396 2534 οι
385 2496 453 2534 δὲ
468 2495 644 2539 ἀνισοὶκις
658 2510 786 2534 ανισοι

109 2539 347 2599 ετερομήκεις
369 2544 436 2578 καὶ
459 2543 685 2589 προμήκεις·
719 2545 785 2580 καὶ
832 2565 833 2568 =

107 2583 234 2628 απλῶς
255 2586 295 2623 οἱ
315 2589 433 2634 διχῶς
453 2587 786 2632 πολλαπλασιαζό-

107 2644 216 2676 μενοι
255 2630 456 2677 ἐπίπεδοι,
500 2632 541 2669 οἵ
567 2633 611 2670 δὲ
651 2636 786 2680 τριχῶς

109 2679 262 2729 στερεοί.
319 2660 494 2724 λέγονται
527 2678 571 2715 δὲ
606 2676 785 2715 ἕπιπεδοι

107 2717 271 2765 ἀριθμοὶ
289 2723 356 2759 καὶ
377 2725 554 2770 τρίγωνοι
577 2724 643 2759 καὶ
659 2737 786 2780 τετρα;

109 2779 223 2812 γωνοι
249 2768 315 2802 καὶ
339 2780 423 2814 στερ
427 2769 483 2804 sol
506 2769 572 2805 καὶ
595 2762 717 2805 τᾶλλα
739 2767 785 2805 οὐ

109 2813 269 2856 κυρίως,
309 2783 423 2866 ἇλλάῗ
446 2812 545 2850 καθ’
578 2811 786 2867 ὁμοιότητα

109 2858 184 2892 τῶν
224 2858 371 2902 χωρίων
405 2852 430 2894 οὶ
469 2859 784 2904 καταμετροῢσιν.

850 1509 943 1542 Ibid.
970 1508 1058 1541 XIX
1087 1519 1121 1550 p.
1138 1508 1258 1543 491311.
1299 1502 1341 1540 τὸ
1362 1504 1407 1541 ἓν
1430 1505 1528 1548 πρῶ-

850 1564 916 1588 τον
907 1549 1194 1611 τετράγωνον·
1220 1550 1298 1587 ἔστι
1327 1550 1399 1595 γὰρ
1424 1538 1530 1593 α’παξ

847 1595 892 1633 ἓν
906 1596 960 1633 ἔν.
992 1609 1076 1632 ειτα
1091 1596 1270 1649 περισσός
1283 1593 1303 1631 ὁ
1322 1597 1428 1650 τρία·
1446 1597 1532 1630 τοῦ·

850 1655 917 1677 τον
935 1656 983 1678 αν
1000 1644 1176 1699 προσθῇς
1193 1638 1261 1677 τὸν
1282 1643 1469 1692 γνώμονα
1478 1642 1529 1688 τῷ

850 1684 930 1731 ἔνι’,
953 1689 1126 1745 ποιήσεις
1150 1685 1391 1741 τετράγωνον
1406 1678 1531 1726 ἰσάκις

852 1735 953 1768 ἴσον·
985 1732 1090 1769 ἔσται
1113 1729 1187 1785 γὰρ
1214 1745 1313 1767 κατα
1342 1732 1462 1777 μῆκος
1493 1727 1532 1776 β’

852 1779 919 1813 καὶ
936 1777 1036 1814 κατά
1053 1777 1196 1818 πλάτος
1214 1776 1264 1822 β’.

1194 1836 1219 1857 α
1233 1836 1259 1857 α

1195 1881 1258 1903 αα

899 1917 940 1949 13
962 1909 1039 1948 Τόν
1056 1915 1190 1948 τοίνυν
1214 1912 1357 1958 μεταξυ
1381 1910 1532 1950 τούτου.

851 1960 991 1994 Theon.
1001 1960 1142 2012 Smyrn.
1158 1960 1266 1993 arith.
1276 1960 1406 2013 XIXp.
1414 1962 1458 1993 48
1467 1961 1534 1993 Bu

851 2002 980 2048 πρώτη
1015 2001 1113 2044 ὃυας
1148 2002 1241 2039 ἔστω
1275 2000 1385 2047 αλφα
1417 2000 1536 2038 ἐκκεί-

853 2060 950 2093 μενα
968 2046 1040 2083 δύο
1056 2045 1170 2103 τάδε,
1195 2046 1238 2084 τὸ
1263 2050 1388 2102 σχῆμα
1406 2044 1534 2083 αὐτῶν

856 2092 961 2128 ἔσται
985 2076 1226 2150 ἑτερόμηκες·
1257 2093 1357 2129 κατὰ
1386 2107 1465 2150 γαρ
1488 2089 1530 2146 τρ

854 2136 975 2192 μῆκός
992 2135 1095 2174 ἔστιν
1111 2136 1175 2174 ἐπὶ
1193 2135 1284 2192 δύο,
1307 2137 1407 2173 κατα
1427 2137 1471 2174 δε
1489 2137 1531 2173 τὸ

853 2181 996 2237 πλατος
1013 2181 1080 2229 ἐφ’
1100 2182 1151 2221 ἓν.
1174 2197 1274 2239 μετα
1289 2183 1332 2219 δὲ
1346 2181 1416 2219 δύο
1430 2181 1534 2219 ἐστὶν

855 2225 986 2274 ἄρτιος
1018 2227 1038 2264 ὁ
1073 2227 1115 2264 δ’
1123 2257 1132 2274 ,
1167 2244 1191 2264 α
1224 2243 1273 2283 ην
1299 2230 1533 2275 προσθῶμεν

854 2279 934 2315 τοῖς
961 2271 1124 2328 πρώτοις
1142 2272 1213 2310 δύο
1237 2270 1345 2330 αλφα
1367 2274 1435 2310 καὶ
1466 2286 1533 2309 πε-

855 2320 1028 2374 ριθῶμεν
1052 2317 1100 2355 τὰ
1126 2317 1168 2355 δ’
1190 2324 1270 2360 τοῖς
1294 2319 1350 2365 β’,
1383 2321 1534 2374 γίνεται

855 2377 1082 2419 ετερομηκες
1122 2365 1166 2400 τὰ
1206 2365 1282 2400 τῶν
1314 2363 1355 2403 ς’
1386 2365 1530 2410 σχῆμα·

854 2407 952 2445 κατὰ
981 2423 1068 2465 γαρ
1082 2407 1125 2445 τὸ
1151 2411 1271 2464 μῇκος
1297 2412 1448 2456 γίνεται
1470 2406 1534 2445 ἐπὶ,

855 2456 956 2500 τρία,
972 2453 1072 2491 κατὰ
1090 2454 1135 2491 δὲ
1154 2454 1196 2491 τὸ
1210 2454 1354 2496 πλάτος
1373 2453 1436 2491 ἐπὶ
1451 2451 1534 2490 δύο.

1194 2514 1218 2536 α
1234 2513 1258 2535 α
1271 2513 1297 2536 α

901 2594 942 2626 13
966 2583 1019 2626 ὧν
1042 2559 1361 2626 Υείεήητααῖἰατόν
1384 2603 1434 2626 sc.
1454 2585 1534 2633 ἀρι-

854 2635 971 2680 θμόν.
1010 2638 1172 2672 Pluralis
1193 2638 1417 2682 pronominis
1442 2637 1536 2670 rela-

854 2683 924 2715 tivi
955 2687 1038 2726 post
1068 2694 1201 2717 nomen
1235 2683 1423 2727 singulare
1462 2692 1534 2714 non

854 2738 1039 2770 nunquam
1056 2729 1226 2762 infertur.
1266 2730 1306 2762 P.
1328 2728 1428 2761 1790
1446 2725 1534 2781 περὶ

855 2770 900 2807 δὲ
915 2772 958 2806 τὸ
971 2769 1098 2815 παρὸν
1114 2767 1263 2828 ἕκαστφ
1270 2769 1414 2822 πάθος,
1428 2767 1467 2824 ἐξ
1482 2783 1535 2805 ων

857 2814 900 2851 αἱ
915 2815 1117 2861 αἰσθήσεις
1133 2817 1200 2852 καὶ
1219 2815 1263 2851 αἵ
1277 2829 1376 2851 κατα
1392 2828 1535 2856 ταυτας

857 2861 969 2904 δόξαι
986 2863 1195 2908 γίγνονται.
1230 2863 1286 2896 cf.
1303 2863 1347 2896 ad
1365 2873 1399 2906 p.
1418 2863 1533 2896 209A.

1087 2536 1144 2559 αα
