1748 2944
204 150 284 192 128

766 152 1035 188 ΠΛΑΤΩΝΟΣ

51 263 54 266 ’
113 274 178 307 175
202 269 356 323 βαινεν
379 261 500 327 αύτῷ
520 263 652 324 τύχη,
678 263 795 311 καὶ’
774 284 799 312 ο
823 266 1114 326 πεντηκοστὸς
1137 266 1215 314 ἀπ’
1241 265 1393 326 αὐτοῦ,
1418 270 1526 329 γελᾷ
1545 268 1600 315 οὐ

202 332 461 390 δυναμένων
492 337 745 390 λογίζεσθαί
773 350 821 378 τε
851 335 926 378 καὶ
965 333 1208 392 χαυνότητα
1239 333 1429 393 ἀνοήτου
1459 338 1601 394 ψυχῆς

199 394 503 444 ἀπαλλάττειν.

563 401 611 444 ἐν
642 397 777 444 ἅπασι
813 398 869 457 δὴ
907 399 1074 454 τούτοις
1105 399 1129 446 ὁ
1164 404 1358 455 τοιοῦτος
1389 399 1477 447 ὑπὸ
1508 403 1600 448 ταῖν

199 469 375 510 πολλῶν
398 469 699 523 καταγελᾶται,
723 465 775 511 τὰ
799 465 927 524 μὲν’
902 465 1198 525 υπερηφᾶνως
1222 472 1349 526 ἔχων,
1377 466 1436 521 ὥς
1461 471 1598 525 δοκεῖ,

199 528 252 576 τὰ
277 530 316 576 δ’
347 534 395 577 ἐν
418 533 550 578 ποσὶν
571 530 746 589 ἀγνοῶν
769 550 815 578 τε
838 534 912 577 καὶ
936 534 985 578 ἐν
1008 532 1203 587 ἑκάστοις
1225 533 1418 592 ἀπορῶν.

304 604 434 644 ΘΕΟ.
474 598 736 644 Παντάπασι
759 597 811 644 τὰ
835 598 1073 658 γιγνόμενα
1096 601 1257 657 λέγεις,
1290 595 1325 646 ὦ
1352 599 1597 659 Σώκρατες.

300 662 462 710 XXV.
503 671 600 710 ΣΩ.
628 663 762 711 Ὅταν
787 667 840 711 δέ
859 666 912 723 γέ
931 684 1030 711 τινα
1054 664 1201 724 αὐτός,
1226 661 1261 713 ὦ
1283 672 1409 725 φίλε,
1436 666 1598 726 ἑλκύσῃ

143 738 176 771 C
202 729 317 786 ἅνω,
351 733 425 776 καὶ
458 730 647 791 ἐθελήσῃ
680 750 744 784 τις
782 730 900 793 αὐτῷ
934 734 1116 791 ἐκβῆναι
1158 735 1205 779 ἐκ
1235 736 1313 780 τοῦ
1353 738 1399 779 τί
1435 732 1518 791 ἐγώ
1549 734 1599 779 σὲ

199 795 336 843 ἀδικῶ
361 795 389 855 ἢ
414 795 469 842 σύ
495 798 568 856 ἐμὲ
593 803 654 851 εἰς
686 799 843 852 σκέψιν
867 795 1003 857 αὐτῆς
1030 798 1311 858 δικαιοσύνης
1333 818 1379 846 τε
1403 801 1475 845 καὶ
1500 797 1599 846 ἄδι-

290 929 307 959 1
331 921 423 971 τύχῃ
446 928 487 962 21.

200 963 564 1006 Schleiermacherus.

623 926 687 960 καὶ
711 923 730 960 6
743 938 793 980 ,τι
809 946 854 951 -
870 922 990 961 αὐτοῦ
1008 929 1187 980 glossema
1210 939 1288 962 esse
1312 930 1520 972 suspicatus
1542 935 1598 963 est

686 966 753 1005 ἀπ’
772 967 907 1025 αὐτού]
929 966 980 1005 αὖ
995 968 1136 1006 ταύτὸν
1153 974 1350 1007 Schanzius
1367 985 1400 1016 p.
1418 976 1472 1007 25.

200 1017 220 1048 2
239 1014 438 1068 δυναμένῳ
454 1016 523 1049 ΓΛ
534 1016 680 1052 ΣΞΥΒ
691 1015 774 1049 ΗΕ1
785 1027 805 1048 a
817 1018 836 1049 b
848 1018 904 1057 ci,
924 1012 1124 1067 δυναμένα)
1140 1019 1192 1057 Ζ“’,
1213 1013 1428 1060 δυνάμενον
1445 1019 1533 1059 Hds'.

201 1061 220 1092 ‘1
245 1055 360 1098 αὐτὸς
383 1051 501 1095 man
519 1061 728 1112 Fischerus,
753 1055 871 1094 αὐτὸν
894 1070 933 1102 ς,
969 1056 1094 1095 αὐτῶν
1117 1042 1208 1096 coni.
1233 1062 1417 1095 Heusdius
1441 1073 1473 1104 p.

201 1104 445 1137 Heindorfius.
554 1106 574 1137 8
591 1099 669 1138 ἅνω
686 1116 753 1138 om
772 1106 854 1140 2141.

946 1100 1055 1156 αύτῷ
1072 1106 1191 1140 ἋΔΠ
1204 1106 1292 1140 Bkk.
1302 1102 1458 1148 ,αὐτῶν
1466 1064 1538 1142 ς’41
1562 1068 1599 1095 et

199 1150 221 1181 9
239 1143 361 1190 αὐτῆς
380 1149 467 1182 Bkk.
477 1143 624 1192 ,αὐτῆς
640 1149 707 1192 τῆς
724 1151 827 1191 Ηά[.,
846 1141 895 1183 αὖ
913 1149 979 1193 τῆς
996 1159 1027 1186 ς·

245 1261 262 1291 1
281 1252 348 1292 ἀπ’
374 1253 492 1292 αὐτοῦ
515 1270 564 1292 sc.
581 1252 865 1302 Ἀμφιτρύωνος.

196 1302 256 1336 cf.
273 1303 320 1335 ad
339 1314 372 1346 p.
392 1305 505 1336 16013.

243 1349 263 1380 6
280 1343 327 1381 τά
344 1343 549 1391 γιγνόμενα
570 1345 699 1392 λέγεις.
739 1348 797 1381 cf.
818 1349 864 1381 ad

195 1403 232 1435 p.
253 1393 354 1424 161A
371 1395 408 1424 et
426 1403 458 1435 p.
479 1393 591 1426 1790.

243 1438 262 1470 7
286 1433 372 1469 τινὰ
395 1436 608 1487 ‘aliquem
631 1437 682 1470 de
708 1437 863 1490 vulgo,

197 1492 270 1514 των
310 1479 458 1513 πολλῶν
497 1481 692 1524 significat.
748 1477 864 1520 αὐτὸς

197 1525 357 1558 refertur
379 1525 425 1557 ad
446 1536 698 1568 praegressum
726 1525 817 1558 illud
844 1522 864 1558 6

196 1568 396 1608 τοιοῦτος)
431 1570 569 1602 Herm).

243 1608 384 1664 ἑλκύσῃ
426 1624 516 1646 ανω.
582 1615 636 1647 De
677 1623 753 1664 rep.
797 1614 865 1647 VII

196 1659 300 1691 529ss
318 1648 397 1708 ἐνὀὸ
407 1675 446 1681 —
465 1653 510 1690 οὖ
536 1653 704 1708 δύναμαι
721 1652 813 1691 αλλο
829 1669 865 1691 τι

198 1701 356 1754 νομίσαι
373 1696 451 1735 ἄνω
473 1701 607 1736 ποιοῦν
628 1708 740 1755 u'vffll.
737 1713 758 1734 ν
780 1699 863 1746 βλέ-

198 1756 285 1780 πειν
276 1739 504 1799 μαθημα
483 1758 506 1789 η
523 1742 660 1799 ἐκεῖνο,
677 1757 696 1779 ο
716 1758 762 1780 αν
778 1744 864 1797 περὶ

198 1786 240 1824 τὸ
271 1784 316 1823 ὅν
344 1801 383 1823 τε
415 1783 438 1833 ᾖ
456 1786 578 1824 καὶτὸ
596 1785 775 1843 ἀόρατον·
796 1786 865 1824 ἐὰν

198 1831 243 1868 δέ
260 1846 315 1873 τις
333 1829 410 1886 ᾄνω
422 1845 592 1886 κεχηνως
614 1829 638 1878 ἦ
654 1830 755 1868 κάτω
772 1845 863 1876 συμ-

196 1875 370 1923 μεμυκὼς
388 1878 462 1912 τῶν
484 1877 678 1931 αἰσθητῶν
695 1875 864 1935 ἐπιχειρῇ

197 1934 233 1956 τι
260 1921 492 1977 μανθάνειν.
524 1918 611 1957 οὔτε
638 1925 787 1974 μαθεῖν
813 1935 862 1957 αν

196 1966 287 2001 ποτέ
311 1979 365 2019 φη
397 1981 410 2002 ι
445 1963 561 2002 αὐτόν
582 1986 626 1991 -·
654 1964 863 2019 ἐπιστήμην

196 2007 269 2066 γὰρ
291 2012 361 2046 ουδ
382 2023 404 2045 ν
419 2009 521 2064 ἔχειν
533 2011 606 2045 τῶν
623 2009 803 2047 τοιούτων
819 2030 861 2036 -—

198 2051 285 2090 οὔτε
303 2051 381 2090 ἅνω
405 2053 503 2090 ἀλλὰ
528 2053 628 2090 κάτω
646 2051 763 2090 αὐτοῦ
780 2055 861 2101 βλέ-

196 2111 283 2135 πειν
303 2097 374 2144 τήν
391 2100 540 2154 utvw'v,
563 2095 637 2134 κᾶν
664 2096 703 2152 ἐξ
726 2097 863 2140 ὑπτίας

194 2142 292 2179 νέων
314 2141 355 2179 ἐν
389 2158 435 2189 γῃ
464 2158 485 2188 η
511 2126 550 2179 ἐν
572 2142 747 2189 θαλάττῃ
768 2157 862 2188 μαν·

196 2184 311 2233 θάνῃ.

241 2235 263 2267 8
284 2231 342 2266 ‘tl
364 2227 435 2276 ἐγώ
457 2230 496 2266 σὲ
526 2227 647 2266 ἀδικῶ
676 2227 700 2275 ἦ
721 2228 766 2267 σύ
796 2228 860 2275 ἐμὲ

195 2282 297 2311 recto
304 2287 467 2310 sermone
481 2279 598 2320 accipi
613 2288 684 2310 non
723 2282 860 2311 ossunt.

198 2321 295 2364 Quid
312 2322 431 2354 enim?
461 2322 644 2354 Haeccine
658 2322 720 2354 ul'
710 2332 765 2354 ms
781 2332 860 2355 esse

196 2366 316 2410 potuit
324 2365 506 2399 iudicialis
518 2367 694 2398 orationis
707 2377 860 2399 summa:

197 2420 381 2454 quanam
412 2421 491 2453 ego
523 2413 565 2443 te
597 2411 764 2443 iniuria
797 2411 862 2443 af-

197 2455 290 2488 feci
319 2457 393 2487 aut
422 2457 467 2487 tu
494 2456 579 2487 me?
626 2456 728 2495 Quae
751 2455 862 2487 verba

197 2500 268 2533 nisi
285 2498 488 2542 philosophi
512 2503 606 2539 sunt,
629 2499 862 2532 hominis'ta-

193 2554 278 2577 men
305 2547 391 2576 sunt
418 2543 463 2575 ab
490 2543 693 2575 huiusmodi
721 2547 863 2575 contro—

196 2588 328 2622 versiis
344 2587 551 2621 forensibus
572 2597 718 2630 prorsus
735 2587 859 2629 alieni,

197 2632 260 2676 qui
275 2632 367 2665 illud
381 2633 491 2665 etiam
502 2636 615 2675 neget
631 2642 668 2664 se
684 2632 729 2663 ab
747 2612 860 2665 alter6

195 2677 350 2710 iniuriae
366 2676 561 2720 quidquam
578 2686 732 2719 passum.
768 2676 860 2709 Con-

194 2725 253 2755 tra
269 2722 404 2764 optime
420 2721 484 2754 illa
500 2731 538 2753 se
555 2720 706 2761 habent,
724 2721 754 2752 si
771 2721 861 2752 obli-

198 2775 269 2808 quo
279 2776 322 2798 ea
331 2775 491 2799 sermone
499 2765 860 2807 acceperisverteris-

198 2820 281 2852 que,
299 2811 335 2843 in
353 2820 422 2853 quo
435 2819 503 2853 ego
519 2813 555 2842 te
574 2809 781 2842 laeserim
798 2812 860 2842 aut

932 1263 974 1292 ιιι
1005 1271 1080 1300 me,
1113 1264 1153 1292 ιιι
1181 1270 1251 1294 non
1281 1262 1456 1294 orationis
1482 1262 1600 1294 cuius-

934 1304 1033 1346 dam,
1052 1305 1114 1338 sed
1133 1315 1321 1338 causarum
1344 1306 1488 1338 omnino
1505 1305 1600 1338 iudi-

934 1349 1079 1382 cialium
1097 1360 1268 1382 summam
1286 1350 1508 1383 contineant.
1529 1351 1600 1382 Par

931 1394 1045 1435 igitur
1073 1394 1247 1427 sermonis
1275 1395 1368 1426 ratio
1395 1394 1432 1426 in
1459 1394 1515 1426 his
1543 1397 1599 1426 est

931 1438 1052 1470 verbis
1066 1435 1102 1471 εἰ
1113 1433 1289 1480 βασιλεὺς
1303 1433 1497 1481 εὐδαίμων
1515 1442 1597 1478 ete„

933 1482 1063 1524 quibus
1077 1493 1146 1515 non
1163 1482 1344 1534 problema
1359 1482 1516 1526 aliquod,
1534 1482 1599 1516 sed

934 1527 1086 1560 encomii
1110 1527 1230 1568 potius
1258 1527 1433 1559 eiusmodi
1460 1537 1599 1559 summa

934 1574 971 1602 et
1040 1574 1292 1611 argumentum
1359 1571 1597 1613 significatur.

933 1614 1105 1655 Quamvis
1132 1615 1228 1647 enim
1259 1619 1395 1647 certum
1430 1615 1597 1657 explora·

933 1662 1079 1701 tumque
1118 1659 1296 1691 haberent
1336 1659 1504 1702 vulgares
1545 1658 1598 1691 illi

932 1708 1115 1743 oratores,
1141 1714 1262 1746 regem
1283 1707 1428 1746 propter
1449 1703 1600 1736 divitias

932 1757 1017 1779 suns
1064 1748 1167 1780 unice
1212 1748 1359 1780 beatum
1399 1747 1598 1790 putandum

934 1801 1029 1832 esse,
1053 1795 1176 1824 tamen
1200 1802 1273 1825 rem
1298 1793 1350 1824 ita
1372 1792 1409 1824 in
1427 1792 1598 1824 encomiis

931 1837 1160 1875 tractabant,
1188 1839 1246 1877 ιιι,
1281 1837 1386 1879 quasi
1414 1836 1523 1869 dubia
1553 1846 1597 1868 ea

931 1880 1049 1912 videri
1071 1884 1213 1923 posset,
1242 1881 1367 1913 multis
1389 1890 1468 1914 eam
1491 1890 1598 1923 argu·

932 1925 1063 1957 mentis
1102 1926 1348 1968 exemplisque
1389 1925 1594 1968 probarent.

931 1968 1063 2010 Quidni
1091 1970 1205 2012 igitur
1229 1980 1263 2003 v
1290 1981 1321 2004 c.
1351 1970 1503 2002 encomii
1532 1968 1596 2001 ali-

930 2013 1030 2046 cuius
1069 2014 1105 2045 in
1138 2013 1309 2047 Croesum
1346 2017 1597 2056 argumentum

932 2057 986 2090 his
1015 2058 1136 2091 verbis
1168 2058 1323 2091 indicari
1351 2058 1527 2100 potuerit.
1562 2054 1598 2090 εἰ

930 2102 1087 2143 Κροῖσος
1118 2096 1257 2145 εὖδαίμ
1259 2104 1356 2136 ωνῬ
1404 2102 1597 2135 Burrum-

931 2155 1009 2179 nus.
1048 2147 1296 2189 Campbellius
1316 2147 1408 2179 bene
1435 2145 1596 2179 animad-

929 2191 1042 2223 vertit
1064 2188 1155 2223 duas
1183 2191 1250 2223 has
1268 2190 1502 2234 quaestiones
1520 2189 1594 2223 illis

930 2235 1147 2276 respondere
1210 2245 1304 2286 quae
1347 2239 1457 2267 antea
1496 2234 1595 2266 dicta

931 2281 1044 2310 erant.
1090 2259 1190 2330 τίέγ
1194 2275 1222 2313 ὠ
1237 2278 1276 2314 σὲ
1300 2279 1379 2313 κτλ,
1396 2279 1489 2311 enim
1513 2288 1593 2320 spe·

930 2326 1006 2355 ctat
1048 2317 1133 2355 ad*
1111 2334 1204 2357 οταν
1225 2319 1267 2358 ἐν
1298 2322 1479 2372 δικαστηρ
1482 2321 1526 2367 ίῳ
1557 2333 1590 2364 p.

931 2368 1052 2415 1740,
1077 2365 1112 2401 εἰ
1132 2363 1307 2420 βασιλεὺς
1327 2358 1524 2418 εὐδαίμων
1546 2366 1592 2398 ad

930 2406 1116 2453 τύραννόν
1147 2422 1187 2445 τε
1218 2408 1290 2455 γὰρ
1321 2404 1344 2454 ἢ
1372 2410 1528 2454 βασιλέα
1558 2421 1591 2453 p.

974 2502 995 2533 9
1020 2493 1138 2543 αὐτῆς
1168 2494 1425 2542 δικαιοσύνης.
1455 2499 1592 2532 iusti·

929 2545 1020 2577 tiae
1037 2554 1113 2587 per
1127 2554 1172 2577 se
1190 2547 1446 2596 spectatae.
1464 2544 1592 2576 abso·

927 2589 1052 2621 lutae
1070 2589 1146 2621 sive
1169 2588 1298 2620 ideae
1322 2587 1538 2621 iusti.1ta
1556 2598 1592 2631 p.

931 2633 1030 2665 196A
1048 2626 1144 2666 αὐτοὶ
1161 2628 1275 2666 πέντε
1290 2630 1355 2665 καὶ
1372 2626 1467 2665 ἕκτα
1481 2642 1593 2675 oppo-

928 2681 1063 2709 nuntur
1077 2671 1294 2729 ᾆνθριιίποις
1308 2670 1403 2709 ἔπτὰ
1423 2675 1487 2709 καὶ
1503 2673 1593 2709 πέν-

926 2731 978 2756 τε.
1002 2714 1116 2759 αὐτὸς
1128 2721 1224 2754 enim
1237 2721 1372 2753 nomini
1384 2721 1592 2763 appositum

928 2775 1038 2808 saepe
1055 2765 1171 2797 ideam
1187 2764 1380 2807 significat.
1410 2765 1468 2798 cf.
1483 2764 1593 2798 Stall-

927 2809 1093 2843 banmius
1108 2808 1156 2842 ad
1173 2809 1325 2844 Phaedr.
1341 2810 1405 2841 247
1415 2809 1456 2842 Ε.

1616 550 1633 578 5
