1748 2950
525 121 598 164 AD
628 120 960 162 SOPfflSTAM.
1368 123 1424 168 15

67 250 211 279 nomen
250 248 454 290 ponamus.
517 234 648 274 Huius
690 234 963 287 θηρευτικῆς
1001 247 1142 274 rursus
1181 235 1285 275 duae
1325 240 1421 276 sunt

68 296 227 347 speeies
265 299 387 345 atque
434 292 602 331 formae.
671 291 817 331 Potest
857 293 960 331 enim
1005 292 1164 332 venatio
1214 306 1306 331 esse
1353 305 1421 331 re-

0 359 1 362 ’
66 365 156 394 rum
201 351 264 390 vel
310 351 568 389 animatorum
619 348 683 387 vel
730 349 1043 388 inanimatarum.
1123 348 1185 387 Ad
1242 349 1420 400 priorem

68 410 160 459 quia
182 408 381 459 piscatura
403 405 620 444 hamularia
642 406 832 456 pertinet,
863 418 951 456 age,
982 418 1124 444 rursus
1148 406 1235 444 eius
1266 405 1419 444 discer-

67 477 207 504 namus
246 468 393 514 partes,
461 462 564 500 Sunt
613 461 739 512 igitur
778 460 1063 514 ζωούηρικης
1102 462 1263 512 species
1301 461 1419 511 duae,

67 521 194 560 altera
225 519 425 571 pedestris
455 518 639 569 generis,
682 518 803 556 uariis
841 522 883 556 et
921 519 1209 570 multiplicibus
1247 519 1420 557 nomini-

67 578 145 616 bus
180 575 366 626 insignis,
407 568 708 626 πεζοθηοική,
753 574 880 613 altera
916 575 1138 613 natantium
1178 575 1421 624 animalium,

65 626 409 687 ὲνυγροθηοική.
477 630 625 669 Natant
662 634 796 669 autem
835 632 1018 669 animalia
1052 632 1113 670 vel
1156 644 1232 682 per
1268 633 1420 680 aerem,

67 702 189 741 quum
224 688 380 735 volant,
417 687 481 725 iel
522 699 597 748 per
635 699 800 737 aquam;
850 687 956 726 unde
994 688 1123 726 oritur
1164 685 1420 739 ὸυνιθοθη-

66 739 241 801 ρευτική
272 749 316 783 et
344 738 580 808 ditent-17⁷5.
639 743 883 792 Aquatilium
915 757 1039 794 porro
1075 745 1235 782 nuntio
1274 756 1419 784 rursus

67 806 131 841 est
169 800 328 852 duplex.
396 799 464 838 Fit
500 800 605 838 enim
646 799 707 837 iel
744 800 978 839 retinaculis
1024 800 1088 838 iel
1138 801 1420 851 percussione,

65 857 240 908 ideoque
270 861 335 896 est
363 850 640 908 ἑρκοθηρική
671 859 713 892 et
743 853 971 905 πλιΙκτικιΙ.
1030 855 1242 894 Posterior
1276 869 1419 896 rursus

66 914 250 954 bifariam
283 911 489 977 dividenda
519 916 594 950 est.
641 911 795 959 Quodsi
826 913 928 951 enim
960 917 1082 951 noctu
1112 913 1160 951 ad
1190 913 1326 963 ignem
1358 913 1420 961 fit,

66 966 303 1025 πυρευτική
350 968 590 1020 appellanda
633 966 813 1006 videtur.
864 970 925 1007 sin
974 974 1189 1007 exercetur
1205 941 1420 1017 einterdiu,

68 1040 187 1078 quum
218 1026 400 1065 fuscinae
429 1026 468 1064 in
500 1023 692 1063 extremis
725 1025 906 1075 partibus
938 1025 1112 1065 habeant
1143 1037 1289 1073 uncos,
1330 1030 1420 1065 tota

65 1088 230 1123 vocatur
258 1076 606 1134 ἀΙκιστοευτική.
664 1079 815 1119 Verum
855 1081 956 1120 haec
996 1083 1082 1133 ipsa
1122 1095 1281 1133 qnoque
1319 1081 1419 1121 duas

65 1141 189 1179 habet
220 1144 367 1191 partes.
426 1138 558 1187 Quum
588 1136 693 1174 enim
725 1138 776 1175 de
817 1139 1095 1189 superioribus
1136 1140 1187 1177 ad
1223 1137 1420 1178 inferiora

68 1209 146 1248 ope
175 1196 410 1234 tridentium
439 1194 508 1240 fit,
548 1191 804 1246 τριυὸοντία
834 1193 1004 1242 «licitum
1046 1207 1166 1245 quum
1205 1199 1339 1233 autem
1369 1206 1420 1234 ex

67 1257 184 1305 parte
213 1251 413 1290 contraria
442 1262 599 1288 sursum
629 1250 747 1288 hamo
778 1251 947 1289 maxime
970 1252 1191 1317 peragitur
1223 1255 1288 1289 est
1317 1251 1420 1290 haee

68 1311 156 1361 ipsa
184 1309 273 1356 illa,
309 1320 423 1358 quam
455 1307 706 1358 quaerimus,
745 1303 1082 1357 ἀσπαλιειτική,
1121 1308 1209 1346 sine
1238 1308 1420 1359 pisca-

69 1371 188 1406 tura
229 1364 527 1404 hamularia.

178 1421 240 1460 En
280 1421 405 1470 igitur
443 1419 659 1458 inseruimus
699 1418 805 1469 quod
844 1419 1074 1458 solebamus
1114 1419 1178 1469 (P.
1211 1419 1309 1459 211.
1339 1418 1422 1475 (3.),

67 1490 197 1529 neque
226 1477 343 1516 aliter
372 1477 487 1515 nobis
517 1475 752 1514 versandum
783 1476 862 1514 erit
890 1477 929 1514 iu
958 1476 1182 1526 indagando
1212 1475 1418 1527 Sophista.

69 1534 145 1573 Est
173 1535 278 1572 enim
320 1533 388 1571 ille
423 1544 581 1583 quoque
624 1544 773 1582 auceps
814 1531 970 1582 quidam
1001 1545 1045 1570 ac
1075 1537 1259 1581 venator,
1296 1546 1421 1584 quan-

67 1604 182 1641 quam
211 1602 290 1628 non
320 1590 453 1641 pisces
484 1589 603 1638 capit,
635 1589 708 1627 sed
739 1589 874 1638 potius
907 1589 1062 1628 divitias
1088 1589 1274 1628 iuvenum
1299 1602 1422 1629 aucu-

65 1650 196 1698 patur.
253 1646 448 1684 Nimirum
479 1645 672 1683 differunt
700 1645 817 1683 ambo
849 1645 1020 1682 maxime
1051 1657 1120 1692 eo,
1151 1645 1259 1696 quod
1289 1647 1423 1697 pisca-

66 1708 134 1742 tor
161 1701 210 1741 ad
240 1715 350 1740 mare
380 1706 422 1740 et
458 1701 618 1739 flumina
648 1704 846 1748 versatur,
877 1713 979 1751 quae
1018 1702 1059 1739 in
1098 1701 1163 1740 liis
1200 1708 1294 1741 suut
1332 1703 1418 1741 ani-
1462 1746 1466 1752 ⁴

67 1759 183 1797 maiia
227 1763 468 1805 venaturus,
529 1757 722 1808 Sophista
769 1761 903 1795 autem
951 1762 1082 1796 terras
1127 1758 1295 1807 lustrat,
1344 1759 1422 1797 alia

67 1815 254 1853 videlieet
282 1819 440 1853 sectans
471 1814 644 1861 flumina,
674 1813 762 1852 auri
790 1813 1041 1864 argentique,
1073 1818 1116 1851 et
1145 1816 1271 1865 pratis
1304 1815 1416 1866 quasi

66 1871 280 1917 incubans,
319 1882 421 1920 quae
457 1869 604 1908 divitiis
643 1874 686 1907 et
724 1869 930 1908 iuventute
960 1870 1177 1911 abundant.

184 1926 311 1977 Igitur
348 1926 647 1965 consideremus
687 1926 937 1976 pedestrium
978 1926 1202 1965 animalium
1242 1928 1423 1966 venatio-

68 1993 181 2030 nem,
223 1994 338 2032 quam
380 1981 574 2032 Sopliista
610 1985 786 2019 exercet.
843 1980 946 2020 Sunt
983 1987 1117 2020 autem
1148 1981 1425 2036 :tegoilnpiag

67 2038 171 2078 dirae
208 2039 378 2077 maxime
414 2041 572 2088 parteS,
615 2037 742 2074 altera
779 2037 979 2084 cicurum,
1019 2039 1238 2088 agrestium
1279 2039 1422 2080 altera

69 2095 190 2134 Cicur
222 2094 365 2134 animal
395 2094 598 2132 hominem
630 2105 722 2131 esse
758 2092 908 2143 liquet,
948 2094 999 2132 ad
1039 2107 1158 2145 quem
1200 2098 1288 2134 tota
1326 2109 1422 2147 per-

69 2151 173 2190 tinet
210 2145 536 2205 ἡμεοούιΙυικνΙ.
612 2147 696 2188 Sed
742 2149 862 2188 huius
908 2162 1049 2189 rursus
1097 2151 1247 2201 duplex
1288 2151 1422 2191 forma

73 2211 150 2247 est.
212 2207 295 2246 Aut
322 2207 429 2246 enim
468 2207 506 2244 xi
536 2206 744 2256 peragitur
773 2210 894 2256 atque
935 2211 1019 2244 tum
1058 2212 1224 2246 iocatur
1261 2205 1421 2270 diopre-

69 2257 326 2313 ποὸιστική,
369 2267 439 2301 aut
478 2263 525 2300 fit
554 2261 854 2313 persuadendo,
893 2267 1037 2313 estque
1069 2260 1422 2319 πιθανοιρμκή.

69 2319 142 2358 Ad
160 2319 262 2358 hanc
293 2320 476 2370 quoniam
507 2317 725 2368 Sophistae
764 2330 829 2356 ars
860 2318 1079 2358 manifesto
1117 2321 1319 2371 pertinet,
1359 2321 1420 2359 di-

71 2375 239 2414 ridenda
272 2389 319 2414 ea
347 2376 463 2414 nobis
493 2375 723 2413 necessario
755 2379 821 2413 est
850 2374 1048 2413 bifariam.
1106 2375 1175 2415 Fit
1205 2378 1311 2416 enim
1354 2391 1420 2417 πι-

71 2428 352 2484 θανουογική
393 2431 458 2470 iel
494 2431 678 2482 privatim
716 2429 783 2468 vel
823 2431 994 2481 publice.
1053 2431 1243 2471 Ρι·ἰιιιῐίηι
1285 2434 1319 2472 si
1359 2433 1420 2482 fit,

71 2485 410 2538 ιδιοθηρευτική
473 2490 611 2539 potest
668 2486 889 2538 appellari,
967 2488 1080 2526 cuius
1139 2489 1268 2539 ipsius
1323 2491 1422 2529 item

71 2541 262 2592 distingui
297 2548 468 2594 possunt
505 2543 664 2594 species
706 2543 836 2592 duae,
884 2542 1009 2581 altera
1046 2541 1421 2598 μισθαρνευτική,

71 2597 198 2636 altera
225 2595 532 2653 ὸωροφορική,
577 2598 896 2649 quandoquidem
929 2599 1048 2638 etiam
1079 2613 1244 2640 munera
1275 2602 1421 2640 dantur

71 2654 147 2704 iis,
195 2654 262 2707 qui
298 2656 478 2697 venando
522 2656 763 2708 capiuntur,
812 2655 932 2695 sicuti
979 2656 1027 2695 ab
1067 2658 1292 2697 amantibus
1330 2658 1419 2697 fieri
