1716 2970
176 142 232 185 20
698 135 1070 172 PROLEGOMENA.

179 265 295 307 quam
312 257 489 293 mortuus
505 251 563 297 sit,
582 262 669 290 cum
680 248 891 289 Theaeteto
908 251 1041 287 narrat
1055 254 1307 296 congressum
1324 252 1408 281 esse
1423 244 1462 281 et
1474 240 1579 280 bunc

179 319 404 349 sermonem
425 306 620 347 habuisse.
668 306 791 355 Atque
813 303 920 343 finito
941 300 1135 353 colloquio
1155 299 1335 340 Socrates
1354 298 1437 348 ipse
1458 307 1479 336 a
1499 295 1578 335 Me-

179 365 255 405 leto
277 376 318 403 se
338 364 414 403 iam
435 367 656 402 accusatum
685 371 769 401 esse
798 355 1041 409 significav).
1090 354 1131 396 Id
1160 360 1312 406 tempus
1343 353 1470 391 minus
1497 350 1580 390 ido·

182 431 298 459 neum
321 419 487 469 cuipiam
511 416 682 456 videatur
703 426 787 455 esse
809 413 855 454 ad
871 422 1093 452 sermonem
1109 410 1156 450 de
1172 409 1358 449 scientiae
1379 408 1415 446 vi
1434 405 1581 446 haben·

181 476 287 515 dum.
320 474 395 514 Sed
418 474 573 512 minime
593 471 690 511 haec
710 481 774 510 res
794 481 814 509 a
836 469 1006 509 Socratis
1025 465 1200 506 moribus
1216 463 1414 506 abhorret.
1453 461 1582 501 Xeno-

182 530 289 582 phon
301 528 329 579 2)
341 530 444 569 enim
454 528 699 578 Hermogene
713 530 870 565 auctore
879 524 1079 563 Socratem
1095 526 1239 566 narrat,
1252 521 1363 560 etiam
1379 524 1582 570 postquam

183 590 390 625 accusatus
412 585 471 629 sit,
495 583 542 623 de
563 581 742 622 omnibus
763 580 848 620 aliis
867 578 987 619 rebus
1007 578 1247 621 disseruisse.
1270 575 1317 614 de
1338 573 1583 614 accusatione

184 641 342 680 minime
362 640 534 679 locutum
556 649 651 677 esse.

527 802 614 851 IV.
668 801 744 849 De
779 799 1006 866 personis
1042 795 1244 860 dialogi.

299 917 480 956 Socrates
500 913 697 953 inducitur
717 923 834 951 senex
856 923 876 950 a
897 909 1037 950 Meleto
1056 910 1133 947 iam
1155 911 1367 946 accusatus.
1401 904 1442 944 ln
1464 903 1588 943 omni·

187 973 261 1012 bus
281 972 396 1023 igitur
417 968 584 1012 artibus,
607 967 749 1019 quibus
770 965 940 1011 excellit,
971 976 1086 1017 quam
1108 963 1274 1002 maxime
1300 967 1360 1001 est
1378 959 1587 1012 perfectus,

188 1030 239 1068 ita
261 1033 304 1067 ut
323 1038 410 1066 eum
433 1027 627 1064 intuentes
647 1023 874 1075 sapientiam
900 1022 1025 1072 ipsam
1053 1029 1216 1059 cernere
1237 1016 1350 1056 nobis
1376 1014 1586 1054 videamur.

188 1085 310 1135 Atque
331 1086 373 1121 ut
393 1083 475 1131 ipse
505 1079 813 1131 sapientissimus
843 1082 920 1121 est,
949 1077 1001 1115 ita
1031 1076 1145 1114 etiam
1168 1074 1288 1117 viam,
1319 1083 1393 1124 qua
1424 1071 1511 1123 quis
1531 1080 1589 1108 sa-

189 1140 302 1191 piens
322 1138 406 1176 fieri
426 1136 566 1188 possit,
596 1139 814 1174 monstrare
841 1137 979 1183 potest.
1030 1130 1157 1176 Quare
1186 1134 1224 1167 et
1242 1127 1358 1179 digna
1386 1132 1424 1165 et
1450 1124 1589 1165 idonea

191 1199 250 1234 est
269 1193 351 1233 eius
370 1202 557 1243 persona,
579 1202 679 1241 quae
699 1190 748 1228 sit
766 1190 806 1228 in
827 1187 900 1226 hac
920 1186 1179 1237 disputatione
1199 1184 1394 1234 princeps.
1426 1179 1591 1231 Insignis

191 1250 295 1288 enim
317 1248 399 1287 eius
420 1252 477 1286 est
503 1244 690 1290 sollertia,
721 1256 794 1296 qua
825 1243 979 1281 notitias
1005 1251 1136 1280 rerum
1166 1240 1285 1278 menti
1313 1237 1505 1277 humanae
1532 1236 1592 1274 in·

192 1310 301 1344 natas
319 1302 459 1343 elicere
475 1306 614 1353 potest.
647 1298 741 1344 Quis
762 1304 819 1338 est
839 1298 954 1342 enim,
971 1298 1036 1348 qui
1052 1301 1174 1335 artem
1190 1295 1272 1334 eius
1289 1292 1551 1332 obstetriciam
1560 1287 1591 1340 ⁸)

192 1361 344 1411 ignoret
363 1359 403 1397 in
426 1358 499 1396 hoc
519 1355 618 1395 libro
647 1354 901 1399 celebratam,
932 1364 1006 1404 qua
1024 1350 1190 1402 ¹quidem
1222 1350 1272 1389 ita
1301 1349 1386 1388 fieri
1406 1347 1502 1387 dicit
1522 1346 1593 1385 So-

193 1420 337 1459 crates,
360 1418 401 1453 ut
419 1414 501 1464 ipse
523 1424 569 1451 ex
590 1423 631 1450 se
652 1409 744 1449 nihil
767 1413 966 1461 procreet,
988 1407 1127 1446 animis
1147 1409 1275 1445 autem
1297 1402 1595 1456 parturientium

194 1470 295 1510 adsit
321 1470 360 1507 in
395 1466 649 1519 parturiendo
676 1471 789 1516 atque
818 1465 850 1502 si
878 1462 968 1515 quid
997 1461 1083 1501 salsi
1109 1459 1363 1511 protulerint,
1398 1458 1438 1497 id
1465 1456 1594 1496 tollat?

194 1524 342 1577 Duplex
363 1524 480 1574 igitur
501 1523 584 1562 eius
604 1526 662 1560 est
682 1531 764 1564 ars;
794 1518 962 1570 explicat
989 1517 1153 1556 aliorum
1174 1516 1385 1554 sententias
1406 1518 1444 1553 et
1462 1518 1595 1552 utrum

194 1591 309 1619 verae
344 1579 422 1618 sint
451 1588 575 1617 necne
603 1576 785 1615 iudicium
819 1574 924 1620 facit,
961 1574 1045 1624 ipse
1079 1583 1170 1611 vero
1199 1572 1370 1610 rationes
1403 1574 1530 1608 certas
1558 1572 1597 1607 et

195 1639 403 1688 praecepta
425 1633 490 1673 dat
509 1631 612 1671 nulla
624 1630 665 1681 ⁴).
717 1629 862 1670 Deinde
882 1626 1090 1668 insatiabili
1117 1632 1175 1666 est
1200 1623 1422 1677 disputandi
1449 1622 1597 1674 cupidi·

197 1696 293 1735 tate,
316 1693 478 1740 propter
499 1699 613 1738 quam
636 1698 723 1726 cum
745 1685 956 1725 Scirrhone
985 1688 1022 1722 et
1042 1684 1186 1722 Antaeo
1214 1684 1462 1733 comparatur
1474 1677 1525 1728 5);
1555 1684 1598 1717 ut

197 1747 302 1785 enim
322 1743 386 1783 ille
406 1745 570 1783 viatores
590 1741 776 1791 singulari
804 1739 1031 1779 crudelitate
1058 1737 1105 1777 de
1132 1736 1296 1789 rupibus
1321 1733 1597 1787 praecipitavit,

197 1801 261 1841 hic
281 1810 534 1851 quoscunque
556 1799 681 1849 potuit
700 1803 741 1836 ut
761 1807 892 1835 secum
915 1793 1154 1834 luctarentur
1175 1791 1319 1842 coegit,
1347 1792 1398 1830 ita
1418 1790 1599 1829 Socrates

199 1857 374 1908 pepercit
393 1855 559 1899 nemini,
582 1853 775 1892 neminem
797 1863 817 1890 a
838 1863 880 1890 se
900 1850 1062 1894 dimisit,
1085 1849 1156 1887 nisi
1179 1848 1211 1886 si
1230 1851 1321 1886 ante
1342 1844 1432 1898 quid
1453 1843 1600 1884 valeret

198 1913 238 1950 in
260 1909 492 1962 disputando
514 1909 780 1959 comperisset.
831 1903 1161 1957 Disputationibus
1190 1907 1316 1942 autem
1347 1912 1436 1940 cum
1465 1910 1600 1939 omnes

200 1967 379 2006 homines
398 1965 528 2016 petiit,
551 1969 630 2003 tum
652 1962 818 2002 maxime
846 1966 1014 2000 sectatus
1035 1964 1093 1998 est
1112 1957 1378 1997 adolescentes
1398 1955 1497 1994 bene
1518 1965 1600 1993 mo-

200 2027 324 2066 ratos,
362 2032 459 2071 quos
492 2020 531 2058 in
564 2029 765 2058 sermones
804 2013 1012 2066 vocaretss).
1068 2013 1319 2054 Notissimum
1354 2017 1413 2051 est
1445 2020 1601 2061 quoque

200 2078 402 2117 Socratem
422 2076 462 2114 in
483 2075 606 2114 ironia
634 2071 988 2123 dissimulantiaque
1009 2069 1124 2120 longe
1145 2068 1279 2120 lepore
1307 2071 1346 2106 et
1363 2064 1601 2105 humanitate

202 2131 380 2171 omnibus
400 2131 648 2183 praestitisse.
698 2128 827 2168 Utitur
846 2133 975 2167 autem
996 2125 1154 2164 omnino
1183 2134 1227 2163 ea
1255 2120 1470 2165 dialectica,
1500 2130 1599 2170 quae

202 2187 362 2228 mirifice
382 2185 615 2238 respondeat
634 2183 807 2223 moribus
827 2187 866 2221 et
885 2179 1130 2233 opinionibus
1150 2189 1305 2223 eorum,
1326 2188 1424 2228 quos
1445 2173 1599 2215 refellit.

204 2243 327 2294 Saepe
357 2254 400 2281 ex
432 2241 596 2282 aliorum
626 2245 756 2279 mente
783 2238 968 2289 disputat,
999 2241 1042 2275 ut
1068 2246 1134 2275 eos
1154 2234 1237 2274 suis
1261 2234 1434 2284 ipsorum
1455 2230 1602 2282 laqueis

203 2299 371 2342 irretiat,
408 2308 525 2348 saepe
552 2295 689 2335 iisdem
719 2294 881 2344 argutiis
910 2290 1099 2342 indulget,
1135 2287 1275 2341 quibus
1307 2286 1518 2327 adversarii
1545 2286 1602 2325 uti

205 2357 502 2393 consueverunt.
552 2351 686 2403 Neque
721 2349 803 2389 aliis
829 2349 870 2387 in
898 2347 1016 2387 rebus
1042 2344 1239 2398 petulante
1270 2342 1426 2382 dicendi
1457 2352 1602 2394 genere

205 2408 371 2448 abstinet
391 2414 430 2447 et
447 2406 611 2447 hilarem
633 2418 675 2446 se
695 2404 862 2444 ostendit
882 2408 920 2442 et
939 2407 1163 2454 promptum
1183 2398 1230 2439 ad
1250 2398 1469 2438 iocandum.

320 2464 453 2515 Neque
482 2469 611 2502 tamen
640 2461 788 2506 omnia,
825 2470 925 2511 quae
952 2459 1132 2498 Socrates
1158 2455 1206 2495 de
1234 2466 1276 2494 se
1302 2453 1523 2505 profitetur.
1556 2451 1605 2491 ad

206 2531 297 2559 eum
334 2520 458 2570 ipsum
494 2518 701 2569 pertinent.
759 2515 998 2566 Quamquam
1035 2513 1139 2552 enim
1173 2508 1408 2562 reipublicae
1442 2507 1605 2548 admini-

299 2674 331 2715 1)
357 2684 391 2716 p.
416 2674 532 2706 210D.
624 2672 659 2713 2>
684 2681 787 2703 mem.
806 2670 855 2702 IV
880 2670 912 2710 8,
938 2669 972 2703 4.
997 2666 1054 2702 Cf.
1079 2665 1248 2699 Muukiua
1272 2674 1307 2707 p.
1327 2663 1403 2696 390.
1494 2662 1527 2702 3)
1550 2662 1606 2695 De

208 2718 369 2751 Socratis
399 2722 476 2750 arte
509 2716 718 2750 obstetricia
748 2714 808 2758 qui
840 2714 1078 2755 scripserunt,
1116 2719 1179 2743 eos
1208 2717 1407 2750 cognoscas
1444 2717 1488 2739 ex
1518 2706 1611 2739 Her-

209 2772 339 2849 manrgq
363 2763 645 2849 p.:i3{}]:1)1.310.
737 2761 770 2800 4)
797 2769 833 2801 p.
861 2757 971 2793 1500.
1063 2756 1098 2796 5)
1122 2764 1157 2797 p.
1183 2753 1332 2786 169A13.
1358 2751 1405 2784 cf.
1432 2762 1465 2794 p.
1493 2751 1608 2785 1881).
