1748 2950
515 121 588 163 Al)
618 120 947 163 SOPHISTAM.
1389 123 1419 161 9

58 237 108 275 ab
151 236 237 275 eius
274 239 414 276 natura
453 236 622 276 alienam
662 247 755 274 esse
795 234 1033 273 indicarent.
1093 232 1300 272 Fecerunt
1335 232 1414 272 hoc

59 293 278 344 Megarici,
327 305 497 344 quorum
547 292 746 331 rationem
788 290 903 330 Plato
947 291 988 329 in
1014 289 1218 341 ‘Sophista
1262 289 1415 341 pariter

58 355 179 400 atque
200 368 202 371 ·
226 350 352 400 ipa-ius
388 349 637 388 Parmenidis
689 347 928 387 sententiam
973 348 1199 386 examinare
1240 347 1281 385 in
1330 347 1414 384 ani-

58 419 164 445 mum
203 406 369 446 induxit.
438 407 582 456 Neque
629 405 678 443 ab
725 404 801 443 hac
839 405 996 442 ratione
1036 403 1205 442 multum
1242 403 1415 442 recessit

59 462 342 509 Antisthenes,
387 463 505 502 sicuti
544 462 775 500 rectissime
814 461 957 500 statuit
994 460 1221 511 Krugius
1258 459 1412 498 Histor.

58 518 296 570 Philosoph.
329 517 368 569 ἓ.
403 519 498 559 114.
567 518 782 557 Enimvero
821 516 1020 568 Megarici
1059 530 1179 567 quum
1215 517 1415 555 sentirent

58 576 248 626 generale
287 574 386 613 illud
426 588 510 614 ess
525 587 570 622 e,
622 575 698 613 nisi
736 574 909 625 partium
953 573 1125 613 haberet
1160 574 1413 619 varietatem,
1470 606 1475 613 ,

57 631 106 669 ad
147 632 353 670 scientiam
395 636 438 672 et
477 633 691 671 veritatem
731 643 872 681 parum
911 630 1065 678 valere,
1101 634 1299 682 protenus
1336 629 1413 667 hac

56 688 97 727 in
129 692 243 738 parte
273 701 295 726 a
325 687 575 726 Parmenidis
606 687 803 726 sententia
833 686 1129 734 discesserunt,
1160 690 1412 725 statuerunt-

58 757 135 795 que
165 745 312 782 ideas
343 746 427 782 sive
456 740 669 795 ἀσώματα
700 741 814 792 εἴόη,
857 743 904 781 ad
938 755 1035 794 quas
1066 755 1163 783 uuas
1194 741 1412 780 reserenda

57 805 170 839 esset
205 801 388 839 veritatis
425 802 590 840 scientia
634 804 678 838 et
717 800 910 850 cognitio.
970 798 1050 837 Sed
1095 812 1217 849 quum
1258 799 1306 837 iis
1336 798 1413 836 hac

55 859 95 896 in
126 870 172 895 re
201 869 292 895 cum
321 857 491 896 Platone
522 856 687 907 egregie
717 856 971 903 conveniret,
1011 859 1145 894 tamen
1175 854 1413 893 incredibile

56 914 166 953 dictu
197 926 240 951 es
245 918 284 959 t,
324 918 572 964 quantopere
612 925 701 952 cum
743 912 888 952 eodem
919 923 968 950 ex
1003 911 1078 950 alia
1109 916 1226 963 palte
1254 911 1412 949 dissen-

56 971 197 1009 serint.
247 970 410 1009 Etenim
440 969 557 1008 Plato
590 981 709 1020 quum
737 968 849 1007 ideas
880 980 973 1007 suas
1003 980 1081 1006 nou
1111 971 1264 1006 tantum
1287 958 1412 1006 vellet

56 1040 121 1065 ess
126 1038 150 1064 e
179 1027 218 1064 in
249 1039 294 1065 se
334 1026 561 1073 absolutas
600 1038 739 1066 verum
781 1026 903 1063 etiam
943 1025 1073 1072 vivas,
1119 1023 1411 1063 communionis

56 1095 250 1148 capaces
290 1082 462 1148 deniqne
501 1095 594 1129 eas,
640 1095 742 1132 quae
781 1081 1009 1122 notionibus
1052 1081 1177 1121 menti
1214 1081 1412 1119 humanae

55 1139 181 1177 veluti
225 1139 375 1189 impres
380 1139 435 1177 sis
475 1139 595 1176 etiam
644 1151 693 1178 eo
742 1138 904 1177 nomine
938 1137 1258 1191 responderent
1304 1134 1411 1187 quod

56 1197 107 1234 iis
145 1196 251 1233 saria
289 1200 331 1234 et
369 1195 581 1246 multiplex
620 1207 711 1233 cum
747 1195 854 1234 inter
891 1195 1000 1246 ipsas
1040 1199 1125 1232 tum
1166 1206 1258 1234 cum
1288 1194 1411 1231 rebus

57 1252 399 1302 adspectabilibus
442 1258 563 1302 atque
601 1251 814 1292 individuis
854 1255 967 1291 esset
1007 1251 1237 1292 coniunctio
1267 1254 1310 1290 et
1339 1261 1411 1288 ne·-

58 1307 284 1348 cessitudo:
332 1309 390 1348 illi
426 1309 466 1346 in
514 1308 591 1346 alia
632 1308 763 1345 omnia
800 1306 1089 1346 discesserunt.
1157 1307 1413 1347 Censuerunt

58 1366 193 1412 enim,
246 1377 297 1404 ne
344 1364 592 1403 l‘armenidis
638 1363 689 1402 de
737 1363 853 1405 Entis
900 1364 1123 1402 constantia
1169 1364 1412 1406 sententiam

55 1433 223 1474 prorsus
254 1421 485 1462 viderentur
515 1421 758 1467 deseruisse,
787 1420 941 1459 formas
973 1421 1059 1460 eius
1079 1424 1200 1470 atque
1229 1420 1406 1472 species,

57 1491 155 1529 quas
187 1478 409 1530 ponebant.¹
449 1478 609 1516 omnino
638 1477 926 1528 sempiternas,
962 1477 1213 1523 immobiles,
1242 1476 1408 1528 rigidas,

56 1535 205 1574 nullius
244 1535 416 1584 denique
453 1535 642 1572 motionis
686 1538 729 1573 et
764 1533 1062 1573 communitatis
1101 1545 1271 1587 capaces
1303 1545 1410 1574 esse.

56 1592 257 1640 Quorsum
288 1592 493 1644 pertinent
533 1591 611 1631 loci
641 1589 862 1641 Sophistae
895 1603 935 1641 p.
964 1589 1062 1627 2:16.
1096 1589 1129 1628 B
1174 1601 1262 1639 sqq.
1310 1589 1409 1627 2⁴8.

57 1649 105 1687 A.
139 1663 198 1676 ’-
237 1648 286 1687 Ε.
328 1652 372 1687 et
407 1647 492 1684 249
546 1647 590 1685 C.
631 1646 676 1684 D.
721 1659 820 1696 quos
860 1645 1090 1684 rectissime
1133 1645 1412 1684 Schleier-

58 1703 335 1742 mach-erus
363 1704 464 1741 vidit
493 1703 541 1741 ad
566 1702 798 1754 Megaricos
828 1705 1031 1754 spectare.
1061 1714 1084 1740 v
1119 1702 1206 1742 eius
1235 1701 1412 1741 Praefat.

58 1762 110 1800 ad
140 1761 319 1810 Sophist.
351 1762 562 1810 interpret.
595 1760 783 1798 German.
819 1773 844 1814 p
888 1759 968 1796 140
995 1771 1082 1810 sqq.
1115 1759 1166 1798 ed
1208 1758 1248 1797 2.
1300 1758 1413 1797 ldem

59 1818 218 1855 censuit
265 1816 530 1867 Deyksi'us
576 1815 639 1854 De
684 1815 904 1866 Megaricis
952 1827 991 1866 p.
1032 1816 1088 1854 35)
1126 1828 1214 1866 sqq.
1284 1814 1412 1853 Secus

60 1878 195 1912 tamen
224 1873 350 1911 visum
381 1876 445 1911 est
472 1872 710 1911 Henrico
743 1871 964 1912 Rittero
994 1872 1032 1910 in
1049 1871 1199 1912 Museo
1216 1871 1416 1917 Rhenano

59 1930 192 1969 Bonn.
225 1929 350 1967 1828.
391 1928 482 1968 Vol.
515 1928 562 1966 ll.
593 1942 632 1980 p.
663 1928 746 1966 305
776 1941 852 1980 sqq
913 1929 979 1978 qui
1019 1928 1254 1979 praefracte
1293 1931 1415 1981 negat

61 1985 292 2034 Megaricos
338 1984 633 2026 multitudinem
682 1988 724 2022 et
778 1986 1014 2022 varietatem
1061 1984 1179 2023 Entis
1233 1985 1295 2023 sui
1343 1985 1413 2023 ad*-

62 2044 247 2089 misisse,
287 2043 436 2092 quippe
467 2043 533 2091 qui
561 2041 692 2079 Unum
722 2039 821 2079 illud
861 2053 1001 2087 suum,
1046 2041 1152 2090 qnod
1183 2041 1302 2079 etiam
1334 2041 1415 2078 130-

62 2105 157 2138 num
186 2112 231 2137 ae
261 2098 388 2136 Deum
419 2097 626 2145 dixerunt,
669 2109 838 2147 prorsus
878 2097 1081 2137 immobile
1120 2102 1164 2135 et
1204 2098 1334 2137 simile
1374 2100 1416 2145 et

62 2154 169 2195 idem
201 2167 363 2205 semper
393 2167 484 2192 esse
504 2154 777 2193 iudicaverint.
818 2166 850 2191 v.
877 2153 965 2192 Dio
979 2166 1015 2204 g.
1049 2153 1219 2192 baert.
1251 2154 1297 2193 ll.
1320 2155 1415 2194 106.

62 2211 149 2252 vn.
195 2212 284 2248 161.
338 2211 577 2252 Ciceron.
620 2211 804 2251 Academ.
847 2210 892 2248 11.
933 2210 1002 2250 42.
1057 2211 1311 2249 Aristocl.
1350 2224 1414 2262 ap.

63 2267 212 2306 Euseb.
246 2267 376 2318 Praep
419 2268 565 2319 Evang.
590 2267 693 2306 xlv.
716 2267 782 2306 Π.
842 2266 996 2306 Verum
1027 2271 1231 2306 enimvero
1259 2267 1418 2306 etiamsi

66 2323 161 2361 illud
194 2324 354 2363 minime
382 2325 421 2362 in
452 2325 535 2362 viro
565 2323 797 2363 doctissimo
827 2336 949 2374 aegre
973 2323 1155 2372 ferimus,
1187 2325 1294 2378 quod
1317 2336 1418 2373 quae

66 2379 608 2419 Sclileiermacherus
656 2391 769 2419 mera
813 2381 1045 2431 suspicione
1098 2381 1154 2419 ita
1203 2384 1418 2429 statuerat,

67 2447 145 2474 non
184 2441 377 2486 protenus
417 2450 491 2488 pro
528 2436 650 2476 certis
691 2441 734 2475 et
776 2436 996 2486 exploratis
1036 2437 1162 2475 voluit
1200 2437 1419 2486 venditari3

68 2496 199 2530 tamen
230 2505 331 2542 quae
367 2493 458 2544 ipse
495 2497 636 2531 contra
673 2492 776 2530 hanc
810 2493 1007 2532 rationem
1046 2492 1264 2545 disputavit
1303 2494 1422 2538 nobis,

70 2547 228 2596 quidem
268 2548 568 2601 haudquaquam
610 2552 829 2601 potueruut
860 2553 1102 2599 extorquere
1132 2551 1418 2589 assensionem.

71 2603 126 2642 Et
146 2603 241 2642 illud
261 2606 419 2654 quidem
442 2619 515 2644 nos
537 2617 695 2656 quoque
725 2604 844 2643 facile
874 2605 1077 2656 largimur,
1104 2606 1334 2658 Megaricos
1355 2611 1419 2644 te-

80 2660 219 2700 nuisse
247 2671 439 2704 summam
467 2663 574 2704 iliam
590 2662 712 2704 Emis
742 2662 804 2703 sui
827 2662 1035 2714 unitatem,
1064 2675 1182 2716 quam
1212 2664 1422 2704 statuisset
