1716 2964
188 187 216 228 4
703 188 1079 223 rssomcoussm.

189 299 426 338 Theaetetus
437 310 526 339 cum
541 299 806 344 concessisset,
828 299 1008 340 Socrates
1028 311 1117 340 eum
1138 306 1260 353 rogat,
1278 313 1464 354 quasnam
1482 314 1547 343 res
1565 315 1586 343 a

190 354 398 393 Theodoro
420 354 560 399 discat,
590 354 730 394 deinde
759 355 917 394 omnino
944 356 985 395 in
1012 355 1087 395 hoc
1113 367 1190 396 uno
1218 369 1261 397 se
1290 357 1453 397 haerere
1480 358 1585 403 dicit,

189 409 281 460 quid
314 409 351 448 id
382 410 450 454 sit,
481 409 582 460 quod
613 409 798 449 discendo
828 422 1079 462 assequamur
1111 412 1190 451 sive
1217 411 1309 464 quid
1337 414 1385 452 sit
1413 413 1583 454 scientia.

189 464 300 511 Quod
322 464 550 504 Theodorus
569 470 725 505 recusat
745 465 1001 516 respondere,
1023 466 1273 508 Theaetetum
1304 474 1452 513 autem,
1480 474 1521 508 ut
1547 469 1586 508 id

190 520 323 563 faciat,
347 518 575 571 hortatur¹).

300 575 432 626 ltaque
454 575 686 616 Theaetetus
714 577 772 615 rei
800 575 1016 628 periculum
1044 576 1136 616 facit
1163 582 1277 629 atque
1304 586 1484 618 recenset
1510 580 1588 619 sin·

188 630 298 682 gulas
318 631 504 681 quasdam
525 632 711 671 scientiae
731 632 892 683 species.
923 631 993 672 Cui
1013 631 1193 672 Socrates
1213 634 1264 673 ita
1285 633 1524 680 adversatur,
1547 641 1587 673 ut

188 686 429 726 demonstret
456 686 719 727 definitionem
749 688 930 727 scientiae
958 698 1037 728 non
1071 689 1260 728 contineri
1296 691 1588 729 enumeratione

188 741 535 792 singularum‘eius
555 743 740 794 partium.
784 741 897 783 Velut
921 743 955 782 si
980 743 1067 795 quis
1093 744 1311 794 interroget
1337 745 1428 796 quid
1454 746 1503 784 sit
1531 744 1587 784 lu·

190 803 292 842 tum,
316 809 392 836 non
416 803 521 836 recte
541 798 771 850 responderi
790 810 875 839 esse
895 796 1017 838 lutum
1041 797 1268 848 figulorum,
1297 799 1586 851 tegulariorum,

188 851 351 892 aliorum
373 853 574 904 opificum,
603 853 671 892 sed
699 865 784 893 esse
805 859 948 893 terram
969 865 1068 906 aqua
1097 852 1309 906 mixtam2).
1356 855 1588 896 Theaetetus

188 914 317 948 autem
338 920 426 947 cum
448 908 520 948 hac
540 909 579 947 in
599 920 643 948 re
667 908 818 959 lapsum
838 920 880 948 se
900 921 984 949 esse
1004 910 1284 961 perspexisset,
1315 911 1442 949 statim
1464 912 1587 961 suspi-

188 969 320 1009 catur,
367 962 480 1015 quale
515 964 566 1003 sit
607 963 708 1016 quod
744 964 925 1004 Socrates
959 964 1250 1009 desideraverit,
1290 966 1393 1016 quod
1434 965 1588 1017 quidem

189 1018 367 1070 exemplo
388 1019 556 1070 quodam
577 1020 814 1070 geometrico
834 1019 1035 1059 declarare
1054 1020 1193 1060 studet.
1233 1020 1463 1072 Cognovisse
1484 1023 1587 1061 enim

189 1087 231 1114 se
251 1076 324 1120 ait,
350 1086 438 1114 cum
459 1074 689 1114 Theodorus
720 1076 960 1127 exposuisset
987 1075 1035 1115 de
1065 1074 1307 1126 singulorum
1333 1087 1587 1116 numerorum

189 1130 465 1181 quadratorum
487 1136 642 1176 natura,
673 1142 740 1169 eos
766 1131 806 1170 in
835 1130 911 1169 duo
939 1130 1063 1181 digeri
1084 1142 1198 1181 posse
1226 1142 1391 1181 genera,
1421 1144 1587 1183 quorum

188 1191 399 1238 utrumque
415 1186 611 1229 communi
626 1185 790 1237 quadam
806 1186 963 1225 notione
980 1186 1356 1237 comprehendatur;
1378 1199 1463 1226 esse
1484 1188 1587 1227 enim

188 1253 374 1281 numeros
393 1240 601 1281 rationales
628 1246 666 1281 et
693 1240 948 1281 irrationales.
998 1241 1083 1287 Quo
1112 1242 1257 1292 ingenii
1280 1243 1496 1293 specimine
1516 1242 1586 1282 So-

189 1303 316 1337 crates
336 1295 445 1336 valde
466 1296 607 1347 gaudet
626 1296 881 1348 hortaturque
901 1296 1174 1342 Theaetetum,
1202 1302 1246 1336 ut
1273 1297 1409 1336 eadem
1438 1298 1588 1337 ratione

189 1352 282 1403 quid
304 1353 353 1391 sit
372 1353 532 1391 scientia
553 1349 759 1402 definiat³).

300 1408 512 1448 Theaeteto
532 1412 660 1446 autem
681 1407 859 1459 querenti
881 1405 928 1445 de
950 1406 1062 1445 huius
1083 1407 1139 1446 rei
1169 1406 1392 1447 difficultate
1408 1408 1588 1447 Socrates

189 1463 401 1515 respondet
427 1463 497 1502 hos
524 1474 608 1502 esse
638 1462 889 1514 parturientis
917 1462 1060 1512 ingenii
1088 1462 1261 1507 dolores;
1293 1469 1585 1514 peropportune

188 1520 305 1570 igitur
325 1518 426 1564 fieri,
448 1522 491 1557 ut
510 1518 592 1568 ipse
613 1517 830 1556 obstetricis
857 1515 956 1556 filius
985 1524 1108 1555 artem
1137 1517 1283 1556 factitet
1311 1517 1584 1557 obstetriciam.

187 1574 296 1613 Hanc
317 1574 420 1613 enim
447 1573 550 1611 inter
577 1584 619 1611 se
646 1577 684 1612 et
712 1571 941 1611 obstetrices
969 1583 1053 1611 esse
1079 1571 1389 1617 similitudinem,
1418 1573 1587 1624 primum

188 1628 284 1668 nihil
304 1639 365 1674 se,
394 1640 486 1667 cum
507 1629 619 1667 annis
646 1628 864 1680 provectior
893 1628 957 1672 sit,
986 1628 1062 1666 iam
1091 1627 1255 1678 amplius
1282 1639 1420 1678 parere
1448 1628 1585 1679 ipsum,

188 1683 330 1724 deinde
350 1682 462 1723 facile
482 1694 523 1723 se
544 1683 785 1728 discernere,
808 1683 966 1735 quinam
995 1684 1074 1722 sint
1093 1682 1258 1734 gravidi,
1288 1684 1355 1733 qui
1376 1694 1473 1727 non,
1504 1689 1585 1722 tum

189 1739 312 1780 lenire
344 1751 385 1779 se
411 1750 525 1790 posse
552 1739 850 1790 parturientium
881 1737 1053 1783 dolores,
1090 1739 1258 1790 denique
1294 1739 1516 1790 nuptiarum
1545 1750 1586 1777 se

189 1806 275 1835 esse
300 1793 602 1834 conciliatorem.
632 1794 713 1833 Hac
733 1799 860 1832 autem
882 1794 919 1832 in
942 1805 984 1832 re
1005 1792 1233 1833 obstetrices
1261 1805 1302 1833 se
1324 1805 1408 1832 esse
1428 1793 1586 1832 inferio-

189 1861 272 1896 res,
296 1850 397 1900 quod
419 1851 465 1888 iis
486 1861 683 1901 nunquam
704 1849 752 1888 sit
773 1847 1079 1893 diiudicandum,
1101 1854 1231 1888 utrum
1251 1854 1384 1899 partus
1405 1849 1454 1888 sit
1474 1860 1587 1888 verus

189 1905 370 1956 annon4).
412 1906 593 1945 Ceterum
613 1905 687 1943 hoc
723 1915 764 1943 se
792 1904 948 1943 differre
975 1903 1023 1943 ab
1058 1903 1351 1949 obstetricibus,
1378 1903 1480 1954 quod
1509 1915 1588 1943 non

190 1961 342 2001 feminis
362 1960 462 2000 adsit
479 1961 519 1999 in
539 1959 745 2011 pariendo,
767 1959 834 1999 sed
856 1960 963 2005 viris,
985 1971 1064 1998 non
1081 1958 1331 2011 corporibus,
1352 1959 1419 1999 sed
1437 1960 1584 1998 animis

190 2017 394 2057 Summum
415 2021 544 2055 autem
565 2027 650 2055 esse
669 2018 708 2054 in
729 2026 798 2055 sua
820 2021 919 2060 arte,
942 2014 1046 2065 quod
1068 2015 1280 2054 diiudicare
1300 2015 1434 2065 possit.
1457 2019 1587 2053 utrum

190 2072 283 2124 quid
304 2072 384 2111 veri
404 2072 580 2123 proferat
601 2071 772 2116 animus,
794 2082 842 2109 an
864 2069 960 2109 falsi.
993 2069 1092 2109 Hinc
1111 2071 1213 2115 fieri,
1235 2069 1338 2121 quod
1360 2080 1496 2108 onmes
1514 2067 1586 2107 sibi

192 2128 346 2167 crimini
368 2127 479 2173 dent,
501 2132 544 2166 ut
563 2124 658 2166 alios
676 2127 912 2177 interroget,
942 2126 1026 2175 ipse
1047 2125 1143 2164 nihil
1164 2124 1410 2176 respondeat.
1444 2123 1587 2163 Omnes

191 2184 314 2227 enim,
337 2184 404 2234 qui
423 2194 464 2222 se
486 2187 662 2226 utantur,
684 2192 846 2232 magnos
872 2180 1002 2220 facere
1022 2191 1271 2231 progressus,
1302 2180 1431 2219 omnia
1458 2185 1584 2219 autem

191 2237 385 2283 oblivisci,
408 2238 442 2277 si
462 2242 707 2288 praemature
726 2249 769 2276 se
789 2235 980 2276 deserant.
1026 2235 1100 2282 Qui
1120 2242 1249 2275 autem
1268 2234 1342 2274 sibi
1369 2246 1445 2274 non
1474 2246 1586 2285 prae-

188 2300 352 2344 gnantes
387 2305 470 2333 esse
498 2292 723 2341 videantur,
754 2303 821 2332 eos
855 2303 898 2331 se
925 2291 1168 2341 despondere
1197 2290 1298 2335 aliis,
1334 2296 1376 2329 ut
1406 2289 1584 2329 Prodico.

189 2349 296 2396 Quae
316 2361 405 2388 cum
425 2350 476 2388 ita
496 2349 591 2394 sint,
612 2347 865 2388 Theaetetum
894 2346 1073 2386 Socrates
1100 2345 1344 2390 adhortatur,
1373 2350 1414 2384 ut
1443 2356 1484 2384 se
1513 2343 1585 2384 sibi

187 2404 316 2444 tradat
335 2416 431 2444 neve
452 2406 659 2450 irascatur,
681 2405 715 2443 si
734 2402 872 2443 falsum
894 2414 972 2442 non
994 2400 1220 2452 admittat-¹²).

300 2460 381 2499 Hac
402 2460 572 2499 Socratis
592 2460 766 2499 oratione
787 2463 939 2499 erectus
958 2457 1190 2497 Theaetetus
1211 2456 1259 2496 de
1278 2456 1437 2495 scientia
1459 2454 1587 2494 denuo

189 2516 452 2566 interrogatus
480 2515 690 2566 respondet
717 2526 803 2554 eam
830 2526 915 2554 esse
943 2513 1233 2565 perceptionem
1259 2523 1455 2551 sensuum.
1505 2511 1586 2556 Qua

189 2572 229 2610 in
250 2582 293 2610 re
314 2582 401 2609 cum
420 2571 629 2622 Protagora
651 2570 844 2610 consentit
862 2568 1060 2608 hominem
1080 2567 1244 2607 docente
1260 2567 1431 2606 omnium
1455 2577 1586 2605 rerum

281 2723 314 2767 1)
341 2735 373 2758 c.
396 2724 452 2756 111
475 2734 511 2766 p.
540 2723 809 2758 uec—1460.
915 2723 951 2765 2)
975 2733 1006 2756 c.
1034 2722 1094 2757 1v.
1199 2721 1235 2764 3)
1260 2731 1292 2754 c.
1318 2721 1349 2753 V
1374 2731 1407 2763 p.
1438 2719 1589 2753 1460-

193 2770 307 2802 148D.
355 2769 403 2801 cf.
427 2768 522 2802 Phil.
549 2768 645 2802 Guil.
671 2778 743 2801 van
767 2768 933 2809 Heusde,
959 2768 1039 2802 init.
1064 2766 1150 2809 phil.
1168 2765 1262 2800 Plat.
1285 2766 1322 2799 11
1348 2767 1363 2797 1
1393 2776 1427 2807 p.
1444 2764 1586 2797 20-28.

193 2858 210 2889 1
235 2812 457 2900 p‘4g2cgq3f1.
571 2813 604 2853 5)
632 2823 663 2846 c.
691 2813 759 2846 VII
783 2823 818 2856 p.
846 2813 1067 2846 14813-151
1078 2812 1123 2844 D.
1176 2810 1223 2845 cf.
1247 2820 1320 2844 van
1343 2809 1528 2842 Heusdius
1549 2807 1587 2841 11
