1748 2950
507 148 579 191 An
613 147 943 206 sopms‘ram,
1351 152 1409 195 45

55 262 134 302 sito
163 261 334 302 fecimus
364 262 565 303 indicium.
624 262 796 303 Restant
826 262 902 302 alia
933 261 1148 314 quaedam,
1186 275 1290 315 quae
1334 264 1411 305 hac

54 320 268 359 occasione
305 320 536 372 attingenda
572 320 675 368 sint,
718 333 770 360 ne
808 333 895 360 rem
934 320 1160 360 differendo
1201 321 1410 362 difficilior

52 376 247 415 reddatur
276 389 420 415 causae
449 377 707 428 disceptatio.

165 454 226 493 Ac
266 456 438 506 primum
482 455 642 506 quidem
681 455 781 495 illud
826 455 978 494 iuvabit
1016 454 1243 504 monuisse,
1278 455 1409 496 videri

53 510 160 549 hunc
202 511 346 551 librum
389 523 469 550 non
512 513 640 551 multo
672 517 767 563 post
796 509 1069 552 Theaetetum
1098 515 1137 552 in
1169 514 1300 552 lucem
1333 527 1408 565 pu·-

52 568 196 606 blicam
225 569 413 608 emissum
443 580 548 607 esse.
608 569 726 619 Quod
757 582 828 608 cur
856 570 911 607 ita
941 575 1179 617 statuamus,
1211 576 1253 609 et
1283 583 1408 622 argn-

52 628 229 662 mentum
262 626 348 664 eius
373 630 415 663 et
443 626 654 676 utriusque
683 626 775 664 libri
806 627 1056 677 prooemium
1087 626 1228 665 efficit.
1289 628 1407 675 Nam,

53 681 171 719 sicuti
190 680 409 731 Sophistae
443 682 598 720 initium
628 682 777 720 indicat
807 683 1028 721 cohaerere
1059 696 1150 722 eum
1181 684 1407 722 arctissime

52 749 143 775 cnm
173 736 427 786 Theaeteto,
467 739 522 776 ita
552 739 671 778 huius
701 739 794 778 libri
824 739 1030 778 exordium
1063 740 1143 778 tale
1173 745 1258 789 est,
1299 740 1407 792 quod

50 794 106 831 ita
146 797 299 834 tantum
340 800 455 834 recte
492 795 665 846 intelligi
705 795 977 847 explicarique
1017 798 1167 848 possit,
1216 798 1249 836 si
1298 797 1407 835 hunc

52 849 254 901 dialogum
295 864 370 890 nna
413 852 503 890 fere
543 864 632 890 cum
665 850 858 903 Sophista
901 852 1052 891 editum
1092 865 1185 892 esse
1214 853 1406 893 sumseri-

51 918 156 948 mus,
217 908 343 957 Quam
371 913 481 947 arcta
510 921 607 946 vero
638 907 935 947 necessitudine
973 909 1193 959 disputatio
1233 913 1407 961 utroque

50 964 155 1004 libro
193 965 485 1018 comprehensa
522 965 795 1012 contineatur,
833 964 874 1002 id
913 977 1011 1003 vero
1053 970 1150 1017 post
1193 978 1262 1015 ea,
1304 980 1407 1018 qnae

49 1023 170 1062 modo
199 1024 470 1074 exposuimus,
501 1021 779 1060 demonstrare
803 1021 964 1060 minime
994 1034 1097 1073 opus
1131 1026 1205 1061 est.
1267 1023 1408 1074 ltaque

50 1081 88 1118 in
115 1080 193 1118 hoc
224 1092 383 1132 quoque
413 1092 514 1132 opus
546 1079 787 1117 conveniunt
817 1090 920 1128 quae
950 1079 989 1117 in
1020 1078 1325 1130 prolegomenis
1355 1080 1404 1118 ad

49 1136 319 1176 'l‘heaetetum
350 1150 388 1189 p.
419 1137 475 1174 20
504 1148 562 1186 sq.
593 1136 868 1182 iudicavimus,
898 1147 1028 1186 neque
1059 1135 1318 1175 dubitandum
1347 1137 1407 1176 vi-

50 1193 191 1240 detur,
232 1194 325 1244 quin
359 1193 466 1232 illius
511 1192 714 1231 scribendi
754 1191 963 1230 consilium
994 1191 1154 1231 Platoni
1193 1194 1406 1232 subnatum

51 1251 104 1289 sit
142 1261 221 1300 quo
266 1255 452 1301 tempore
482 1252 577 1301 post
621 1249 774 1287 obitum
804 1248 985 1286 Socratis
1015 1247 1194 1299 Megaris
1222 1254 1287 1288 est
1315 1262 1406 1287 ver-

50 1310 186 1353 satus,
226 1305 277 1345 de
317 1320 392 1357 qna
431 1320 477 1345 re
513 1317 614 1356 quae
650 1305 940 1355 disputavimus
982 1305 1130 1344 ibidem
1171 1318 1210 1356 p.
1250 1306 1277 1343 8
1319 1319 1407 1357 sqq.

50 1376 97 1402 ea
126 1362 205 1414 ipsi
241 1364 450 1415 relegant,
491 1373 662 1414 quorum
700 1362 874 1401 interest
904 1362 955 1402 de
992 1361 1056 1400 his
1094 1362 1216 1402 rebus
1247 1362 1406 1414 plenius

51 1420 231 1460 edoceri.

163 1486 421 1538 Sophistam,
461 1490 506 1525 ut
542 1489 722 1536 constat,
766 1484 930 1537 excepit
969 1486 1151 1538 proxime
1191 1485 1406 1528 Politicns.

51 1543 176 1583 Cuius
208 1556 308 1594 quae
338 1544 392 1581 sit
421 1556 510 1581 cum
540 1543 732 1595 Sophista
764 1543 1022 1582 cohaerentia
1053 1556 1099 1582 ac
1128 1544 1404 1591 necessitudo,

50 1602 128 1639 alio
158 1600 250 1638 loco
280 1599 502 1638 docebitur.
561 1600 676 1639 Nunc
704 1600 801 1638 illud
834 1604 986 1639 tantum
1018 1599 1218 1648 dicamus,
1248 1600 1290 1638 in
1319 1599 1406 1637 Po-

48 1657 160 1696 litico
199 1657 297 1694 item
337 1656 505 1707 disquiri
545 1656 596 1694 de
631 1657 862 1695 notionibus
898 1657 984 1694 veri
1022 1661 1065 1695 et
1101 1657 1194 1695 falsi
1229 1656 1405 1704 Politici,

50 1715 169 1764 eique
200 1713 423 1763 quaestioni
461 1713 686 1763 graviorem
723 1710 921 1764 quandam
959 1713 1010 1751 de
1048 1713 1127 1751 alio
1167 1717 1405 1765 argumento

49 1771 274 1809 adiunctam
305 1781 397 1807 esse
429 1769 760 1820 disputationem,
791 1770 909 1808 sicuti
940 1770 980 1808 in
1011 1769 1224 1821 Sophista,
1254 1770 1295 1808 in
1327 1781 1405 1820 qno

50 1826 218 1880 proprie
256 1825 387 1875 agitur
427 1825 477 1862 de
517 1826 697 1864 doctrina
734 1826 1010 1865 Eleaticorum
1047 1827 1088 1865 in
1126 1827 1271 1864 melius
1316 1839 1405 1864 11111-

50 1884 170 1922 tanda
201 1886 242 1920 et
273 1881 321 1919 ad
353 1881 512 1931 plenam
541 1883 722 1920 veritatis
754 1883 963 1921 scientiam
1002 1883 1221 1921 excolenda
1265 1887 1309 1921 et
1339 1895 1404 1920 re-

51 1939 283 1986 formanda,
315 1937 507 1988 Sophista
537 1952 559 1976 a
588 1950 684 1976 vero
713 1939 959 1990 philosopho
989 1939 1262 1991 distinguitur.
1321 1938 1406 1977 Sed

50 1996 211 2048 gravior
240 1994 307 2032 hic
337 1995 519 2032 exoritur
549 1995 744 2045 quaestio,
775 2008 867 2033 num
887 1995 1004 2034 Plato
1034 2002 1176 2047 postea
1206 1996 1406 2046 temporis

52 2053 170 2091 etiam
192 2050 433 2102 Philosophi
466 2051 551 2088 eius
574 2052 752 2102 speciem
783 2056 826 2090 et
854 2052 1064 2102 imaginem
1096 2052 1406 2098 adumbraverit,

53 2121 170 2160 quem
200 2108 241 2147 in
271 2107 350 2146 hoc
387 2108 477 2158 ipso
518 2107 621 2145 libro
653 2120 674 2145 a
704 2107 899 2160 Sophista
936 2108 1127 2159 distingui
1167 2109 1406 2158 secernique

50 2166 188 2203 voluit.
247 2163 347 2201 Nam
378 2164 466 2216 ipse
498 2169 611 2201 certe
640 2164 763 2202 talem
795 2177 959 2215 operam
989 2165 1195 2216 promisit,
1225 2164 1407 2216 Sophist.

53 2235 92 2274 p.
124 2219 219 2259 216.
251 2220 284 2258 E
318 2233 376 2271 sq.
409 2233 455 2259 ac
479 2234 516 2271 p.
542 2220 640 2257 254.
658 2220 705 2261 Β.
735 2221 804 2259 ubi
835 2221 1082 2259 dubitantius
1115 2222 1294 2272 loquitur
1323 2222 1405 2259 sic:

54 2274 217 2318 οὐκοῦν
247 2277 344 2316 moi
381 2277 464 2330 μὲν
502 2289 664 2315 τουτου
703 2276 812 2343 (τοῦ
834 2274 1143 2345 φιλοσόφου)
1183 2278 1254 2317 καὶ
1296 2273 1407 2343 τάχα

51 2317 398 2386 ἐπισκεψόμεθα
414 2333 704 2387 σαᾳὲστεοον,
736 2347 791 2372 τιν
820 2333 883 2372 ἔτι
911 2332 1209 2385 βουλομένοις
1235 2330 1342 2385 ὑμῖν
1365 2348 1404 2390 η.

54 2395 96 2429 et
135 2399 232 2428 xero
284 2390 403 2427 etiam
451 2389 610 2427 Politic.
647 2402 686 2440 p.
725 2389 823 2431 257.
862 2391 908 2428 A.
947 2390 1017 2428 ubi
1055 2390 1191 2452 paullo
1230 2391 1406 2429 certius:

53 2441 165 2499 τάχα
202 2444 250 2484 δέ
280 2458 350 2497 γε,
395 2446 546 2496 inquit,
587 2437 619 2483 ὦ
651 2440 913 2509 Σώκρατες,
953 2442 1205 2511 ὀᾳειλησεις
1243 2442 1407 2494 ταύτης

53 2501 316 2556 rpmhcm‘av
348 2498 530 2565 (χάριν),
562 2495 736 2541 ἐπειδὰν
765 2497 845 2542 τόν
875 2515 920 2542 τε
953 2498 1187 2543 πολιτικὸν
1216 2499 1354 2557 άπερ]
1356 2498 1406 2541 α’·-

0 2594 2 2598 ,
55 2558 220 2598 omrai
250 2569 322 2597 σοι
353 2558 425 2598 καὶ
457 2555 552 2598 τὸν
584 2553 927 2614 φιλόσοφον.

169 2633 272 2684 Quid
314 2635 468 2686 igitur?
514 2635 578 2675 his
624 2637 836 2688 promissis
883 2636 967 2676 suis
1005 2648 1099 2676 num
1137 2638 1408 2689 philosophus

55 2692 223 2732 stetisse
253 2692 537 2732 existimandus
577 2699 642 2734 est
678 2706 726 2734 an
763 2693 874 2734 non‘!
930 2691 1118 2733 Difficilis
1148 2706 1246 2735 sane
1277 2700 1319 2733 et
1348 2695 1410 2734 in-
