1748 2944
723 124 1022 161 ΘΕΑῙΤΗΤΟΣ.
1535 119 1588 161 79

265 241 592 292 ΘΕΑ1.”Αλλ
630 247 779 302 ἔμοιγε
811 245 954 299 δοκεῖ,
991 236 1025 286 ὦ
1049 239 1310 297 Σώκρατες,
1343 241 1481 283 ταῦτα
1514 241 1591 294 δη·-

162 319 293 369 λοῦν,
321 311 433 370 ἅπερ
458 315 611 370 λέγεις.

263 379 327 427 Χ.
382 387 475 427 ΣΩ.
518 378 736 436 ’Τπόλαβε
759 382 938 434 τοίνυν,
973 396 1008 422 ω
1040 374 1213 434 ἄριστε,
1247 372 1422 420 οὑτωσί.
1481 371 1592 418 κατὰ

162 449 216 496 τὰ
238 468 410 508 ομματα
441 451 640 505 πρῶτον,
674 445 698 493 ὃ
732 444 787 504 δὴ
819 451 967 499 καλεῖς
991 447 1145 503 χρῶμα
1170 441 1355 500 λευκόν,
1388 440 1448 500 μὴ
1476 440 1592 487 εἶναι

128 537 145 562 5
163 515 271 563 αὐτὸ
297 515 446 572 ἕτερόν
469 535 509 561 τι
533 518 614 570 ἔξω
632 517 722 561 τῶν
741 516 835 560 σῶν
852 512 1063 572 ὀμμάτων
1086 508 1192 571 μηδ’
1222 513 1270 557 ἐν
1287 522 1379 563 τοῖς
1403 521 1589 568 ομμασι

162 587 277 645 μηδέ
304 581 391 630 τιν’
425 581 546 645 αὐτῷ
571 603 721 642 χωραν
748 580 980 640 ἄποτάξῃς.
1038 579 1125 639 ἤδη
1157 578 1240 637 γὰρ
1274 575 1330 624 ἂν
1363 585 1432 635 εἴη
1463 595 1512 623 τε
1535 575 1588 623 ὄν
1605 589 1636 621 Ε

162 671 250 699 που
276 655 324 698 ἐν
347 650 465 706 τάξει
490 652 564 696 καὶ
588 653 714 709 μένοι
738 653 812 696 καὶ
836 648 919 696 οὐκ
943 647 1001 695 ἂν
1026 652 1074 695 ἐν
1100 650 1272 707 γενέσει
1296 651 1506 705 γίγνοιτο.

266 726 426 767 ΘΕΛΙ.
470 717 600 766 Ἀλλὰ
624 722 739 775 πῶς;

265 795 364 835 ΣΩ.
428 786 664 846 Ἑπώμεθα
687 789 750 848 τῷ
772 784 871 845 ἄρτι
894 783 1012 847 λόγῳ
1037 785 1179 843 μηδὲν
1204 780 1312 829 αὐτὸ
1346 779 1455 830 καθ’
1482 778 1592 827 aivva

111 864 144 889 ¹⁰
164 859 214 902 ἓν
245 852 299 902 ὂν
328 857 548 908 τιθέντες·
582 856 657 900 καὶ
689 851 797 913 ἡμῖν
828 851 944 899 οὕτω
976 854 1116 911 μέλαν
1147 870 1196 897 τε
1226 852 1299 897 καὶ
1328 848 1492 897 λευκὸν
1516 850 1592 895 καὶ

161 922 313 970 ὁτιοῦν
345 921 452 968 ἄλλο
483 927 635 981 χρῶμα
666 924 715 967 ἐκ
747 925 825 979 τῆς
857 923 1111 980 προσβολῆς
1136 922 1226 965 τῶν
1249 916 1460 978 ὀμμάτων
1483 916 1593 976 πρὸς

162 991 246 1048 τὴν
276 989 592 1050 προσήκουσαν
622 987 769 1049 φορὰν
801 1000 1009 1048 φανεῖται
1041 988 1362 1047 γεγενημένον,
1388 988 1463 1032 καὶ
1487 982 1511 1031 ὃ
1537 984 1592 1043 δὴ

163 1061 349 1105 ἕκαστον
374 1059 492 1105 εἶναί
521 1076 670 1117 φαμεν
702 1062 876 1117 χρῶμα,
909 1055 1011 1103 οὔτε
1034 1055 1082 1102 τὸ
1108 1055 1394 1113 προσβάλλον
1418 1073 1520 1100 ουτε
1543 1052 1592 1100 τὸ

163 1125 555 1208 προσβαλλόμενον
579 1130 719 1184 ἔσται,
744 1124 857 1171 ἀλλὰ
880 1123 1043 1184 μεταξύ
1067 1144 1109 1170 τι
1130 1122 1299 1185 ἑκάστῳ
1325 1127 1442 1169 ἴδιον
1466 1141 1593 1180 γεγο-
1611 1134 1677 1167 154

113 1201 146 1226 1⁵
163 1194 252 1248 νός.
300 1190 328 1252 ἢ
353 1193 410 1239 σὺ
436 1198 733 1253 διισχυρίσαιο
765 1189 822 1240 ἂν
847 1192 906 1246 ὡς
938 1190 1034 1239 οἷον
1067 1194 1138 1239 σοὶ
1162 1198 1373 1250 φαίνεται
1405 1193 1593 1236 ἕκαστον

164 1264 343 1321 χρῶμα,
368 1264 568 1307 τοιοῦτον
592 1263 666 1307 καὶ
691 1263 795 1307 κυνὶ
819 1262 893 1307 καὶ
916 1257 1089 1322 ὁτῳοῦν
1114 1259 1234 1322 ζςόῳ,

268 1335 430 1376 ΘΕΑΙ.
480 1329 561 1376 Μὰ
585 1327 664 1377 Δί’
691 1348 774 1376 ουκ
797 1334 947 1387 ἔγωγε.

267 1404 367 1444 ΣΩ.
423 1402 480 1443 Τί
500 1401 572 1454 623
605 1395 724 1459 ἆλλςο
749 1394 978 1458 άνθρωπςο
1002 1390 1071 1455 ἆρ’
1100 1393 1254 1455 ὅμοιον
1289 1395 1364 1440 καὶ
1389 1395 1459 1440 σοὶ
1484 1398 1594 1453 φαί-

165 1483 288 1511 νεται
318 1461 491 1520 ὁτιοῦν;
525 1470 638 1524 ἔχεις
670 1470 801 1512 τοῦτο
835 1467 1051 1524 ἰσχυρῶς,
1084 1461 1111 1521 ἢ
1144 1462 1259 1510 πολυ
1295 1466 1488 1522 μᾶλλον,
1525 1459 1592 1508 ὅτι

112 1541 146 1567 2⁰
163 1531 270 1580 οὐδὲ
301 1534 372 1578 σοὶ
414 1531 537 1594 αὐτῷ
578 1530 740 1579 ταύτὸν
783 1531 855 1578 διὰ
897 1532 947 1579 τό
989 1533 1210 1591 μηδέποτε
1251 1528 1413 1590 ὁμοίως
1456 1526 1594 1576 αυτὸν

162 1602 336 1662 σεαυτῷ
363 1606 505 1659 ἔχεως

266 1675 425 1716 ΘΕΑΙ.
482 1671 622 1715 Τοῦτο
644 1667 814 1727 μᾶλλόν
838 1688 909 1728 μοι
937 1665 1110 1715 doust*
1084 1688 1112 1727 η
1138 1671 1296 1714 ἐκεῖνο.

266 1742 367 1783 ΣΩ.
420 1733 602 1783 Οὐκοῦν
627 1741 667 1782 εἰ
689 1756 771 1796 μεν
793 1757 817 1783 ο
842 1735 1247 1796 παραμετρούμεθα
1270 1732 1299 1793 ἢ
1322 1754 1376 1781 ου
1403 1733 1592 1794 ἐφαπτό-
1609 1749 1640 1781 Β

164 1812 309 1863 μεθα,
344 1805 456 1863 μέγα
488 1801 516 1862 ἢ
548 1804 711 1851 λευκὸν
745 1801 774 1863 ἢ
809 1803 984 1864 θερμὸν
1020 1799 1096 1863 ἦν,
1129 1824 1212 1851 ουκ
1244 1802 1301 1849 ἄν
1333 1821 1439 1849 ποτε
1472 1800 1593 1864 ἄλλῳ

256 1950 277 1981 3
294 1941 394 2002 κατόὶ
409 1948 455 1980 13³
465 1948 521 1983 21¹⁰
538 1956 578 2001 ς’,
602 1945 669 1981 καὶ
663 1949 816 2007 ΗἯΔΠ.
911 1942 970 1981 6Ἰν
949 1960 993 1982 ον
1015 1948 1106 1980 Bkk.
1125 1952 1275 1981 auctore
1291 1947 1524 1988 Heindorfio,
1544 1942 1594 1979 ἄν

165 1992 261 2027 libri.
355 1987 396 2025 ἐν
420 2004 465 2036 τῃ
488 1990 635 2036 γενέσει
658 1993 695 2031 Ξ
709 2003 742 2029 ς.
837 1995 880 2026 23
904 1986 925 2026 ὃ
942 1994 1031 2035 de.
1057 2004 1137 2026 eum
1162 1994 1295 2025 Ficino
1314 1992 1490 2025 Cornario
1515 1992 1595 2025 Sal-

164 2039 265 2071 vinio
289 2038 367 2071 obs.
390 2038 490 2072 misc.
512 2039 549 2071 II
566 2050 601 2081 p.
626 2040 707 2077 274,
731 2050 760 2082 φ
783 2038 870 2072 libri
893 2046 914 2074 5
931 2040 1030 2073 Hrm.
1130 2040 1174 2071 24
1191 2031 1307 2081 ἄλλῳ]
1330 2032 1423 2070 ἄλλο
1442 2037 1583 2072 QAHe
1588 2061 1596 2069 .

166 2077 269 2126 ἄλλῳ
287 2094 338 2126 τῳ
354 2092 491 2125 προσπ.
509 2092 551 2125 ς,
568 2095 619 2129 τῳ
639 2095 705 2117 om.
728 2077 808 2117 Tur.
829 2094 909 2116 cum
926 2083 1032 2117 libris
1050 2085 1229 2118 omnibus.

959 2209 1002 2240 14
1017 2201 1162 2250 μεταξύ
1180 2218 1215 2240 τι
1232 2208 1352 2240 instar
1367 2207 1595 2240 substantivi

913 2255 1084 2296 positum.
1114 2253 1288 2295 Krueger.
1307 2251 1332 2295 S
1348 2253 1503 2294 66‚1,2.
1535 2252 1595 2285 cf.

913 2298 1129 2332 Stallbaum.
1147 2297 1195 2330 ad
1212 2309 1328 2341 symp.
1346 2278 1462 2331 202A'.

959 2346 1002 2378 19
1019 2341 1119 2387 ἔχεις
1134 2361 1180 2367 —-
1197 2341 1371 2387 ἰσχυρῶς.
1405 2344 1476 2376 ‘De
1496 2339 1595 2387 ἔχεις

165 2204 399 2260 Μένανδρος
426 2202 701 2260 Εγχειριδίῳ
700 2206 767 2241 καὶ
802 2203 844 2241 ἐν

166 2248 294 2304 Χήρᾳ·
331 2247 384 2286 Τὸ
403 2253 612 2304 λεγομενον
634 2248 742 2286 τοῦτ’
763 2248 841 2303 {oti

167 2296 238 2330 νῦν
256 2286 373 2331 ’Τᾶνω
388 2293 510 2350 κάτω,
536 2298 651 2340 φασί,
675 2295 721 2331 τὰ
740 2293 843 2331 κάτω

166 2335 204 2375 δ’
223 2336 315 2376 ἅνω.
341 2337 423 2376 ἅνω
435 2338 538 2377 κάτω
552 2344 685 2376 omissa
699 2344 843 2387 copula,

165 2390 206 2419 ut
223 2398 257 2430 p.
276 2388 390 2421 1950.

209 2434 233 2466 4
263 2430 315 2476 μὴ
352 2429 452 2467 εἶναι
491 2427 585 2467 αὗτό
625 2428 754 2476 ἕτερόν
792 2446 843 2476 τι,

169 2480 276 2511 ‘non
299 2489 397 2511 esse
429 2479 474 2511 id
506 2479 637 2512 aliud
668 2479 845 2522 aliquid

169 2521 217 2564 (h.
241 2533 272 2556 e.
307 2534 330 2556 a
358 2525 492 2557 ceteris
520 2524 630 2558 rebus
653 2524 846 2567 diversum

168 2578 343 2611 suamque
361 2579 404 2602 ae
425 2570 611 2613 propriam
628 2572 761 2603 tenens
779 2565 844 2603 οὗ-

169 2610 270 2653 clav)
294 2618 422 2647 extra
451 2614 606 2648 oculos
637 2619 739 2648 tuos
768 2619 844 2648 aut

169 2658 213 2690 in
231 2659 389 2692 oeulis.
395 2662 407 2679 ’
439 2660 723 2693 Hmunonmus.

213 2705 235 2736 9
250 2701 302 2748 τῷ
317 2696 403 2755 ἄρτι
421 2701 536 2751 λόγῳε
554 2716 588 2749 p.
608 2706 725 2741 152D.

215 2749 258 2780 12
279 2738 557 2799 ἓτροσήκουσαν.
603 2750 726 2786 Schol.
756 2745 845 2784 ἀντὶ

169 2792 237 2826 τοῦ
256 2803 478 2846 συμμετρον.
512 2796 568 2828 cf.
582 2807 616 2839 p.
633 2797 737 2829 156D
753 2790 845 2829 ἄλλο

168 2849 204 2871 τι
222 2837 296 2872 τῶν
313 2834 432 2883 τούτῳ
451 2839 681 2885 ξυμμέτρων.

913 2386 1094 2432 ἰσχυρῶς,
1117 2388 1216 2432 quod
1237 2389 1335 2422 idem
1364 2388 1443 2421 fere
1467 2392 1524 2422 est
1541 2392 1596 2421 at-

914 2445 984 2477 que
1007 2433 1249 2478 διισχυρίζει,
1273 2445 1308 2467 v.
1334 2433 1381 2467 ad
1404 2433 1593 2467 Phaedon.

915 2491 950 2523 p.
968 2480 1285 2513 7113.’Su1.1.13.

959 2527 1004 2559 23
1035 2519 1195 2559 Οὐκοῦν
1229 2525 1308 2558 κτλ.
1363 2524 1469 2557 Haec
1502 2524 1595 2556 dicit

913 2570 1041 2603 Plato:
1060 2581 1131 2611 res,
1150 2580 1242 2612 quas
1255 2570 1426 2603 metimur
1437 2569 1498 2603 vel
1513 2579 1594 2602 sen-

916 2615 1018 2648 sibus
1040 2617 1285 2659 percipimus,
1317 2619 1457 2648 eertam
1482 2625 1594 2656 quan-

914 2662 1064 2694 titatem
1090 2661 1151 2694 vel
1180 2661 1400 2703 qualitatem
1428 2670 1501 2692 non
1529 2659 1594 2691 ha-

915 2706 1019 2744 bent;
1052 2706 1136 2739 ideo
1170 2707 1202 2739 si
1235 2706 1332 2739 aliae
1364 2716 1425 2738 res
1457 2704 1506 2736 ad
1529 2714 1595 2737 eas

916 2751 1119 2794 accedunt,
1136 2754 1338 2784 mutantur.
1385 2750 1513 2792 Neque
1537 2759 1593 2782 se-

915 2806 980 2829 cus
1013 2797 1111 2839 quod
1148 2798 1300 2829 metitur
1329 2795 1390 2828 vel
1424 2795 1594 2828 sensibus

914 2842 1091 2885 percipit,
1116 2845 1254 2874 certam
1273 2841 1518 2884 quantitatem
1534 2840 1596 2873 vel
