1748 2944
89 815 120 838 10

699 67 994 102 ΘΕΑΙΊῊΤΟΣ.
1482 64 1559 107 137

139 205 239 243 γετο
266 184 418 240 διδους
442 184 556 231 πολὺ
579 182 818 243 ἀργύριον,
852 188 892 230 εἰ
914 182 973 243 μὴ
999 181 1101 236 τούς
1125 181 1344 236 συνόντας
1378 188 1560 229 ἔπειθεν
1586 191 1651 224 179

138 252 205 300 ὅτι
229 256 301 300 καὶ
325 252 373 300 τό
395 255 557 312 μέλλον
589 257 778 299 ἔσεσθαί
805 271 852 298 τε
884 254 957 298 καὶ
985 251 1130 307 δόξειν
1153 248 1256 297 οὔτε
1279 250 1434 310 μάντις
1458 249 1561 297 οὔτε

139 342 204 376 τις
228 321 358 376 ἄλλος
382 320 562 380 ἄμεινον
586 325 784 379 κρίνειεν
807 319 864 367 ἂν
887 319 916 380 ἢ
941 318 1076 375 αὐτὸς
1103 318 1269 382 [αὑτῷ].

243 398 374 437 &EQ
409 387 715 448 Ἀληθέστατα.

242 465 340 506 ΣΩ.
382 455 561 506 Οὐκοῦν
584 459 656 503 καὶ
683 461 732 503 αἱ
752 461 1013 516 νομοθεσίαι
1037 457 1111 502 καὶ
1134 453 1183 502 τὸ
1208 453 1433 514 ὠφέλιμον
1457 456 1560 512 περὶ

139 527 186 573 τὸ
210 528 372 586 μέλλον
397 528 512 584 ἐστί,
548 527 622 571 καὶ
647 529 731 581 πᾶς
755 524 813 572 ἂν
836 524 1045 585 ὁμολογοῖ
1064 525 1454 584 νομοθετουμένην
1478 521 1561 569 πό-

140 601 210 641 λιν
243 592 453 649 πολλάκις
486 591 686 653 ἆνάγκην
721 593 836 640 εἶναι
868 596 948 640 τοῦ
983 590 1326 652 ὠφελιμωτάτου
1360 589 1559 650 άποτυγ-

138 661 316 722 χάνειν;

241 738 373 778 ΘΕο.
412 729 550 777 Μάλα
573 749 636 789 γε.

249 806 347 846 ΣΩ.
388 804 591 857 Μετρίως
616 797 702 857 ἄρα
724 797 831 857 ἡμῖν
855 795 964 858 πρὸς
987 796 1064 844 τὸν
1090 794 1364 843 διδάσκαλόν
1388 811 1470 842 σου
1497 801 1557 842 εἰ·

139 865 338 925 ρήσεται,
363 865 429 913 ὅτι
454 864 624 925 ἀνάγκη
649 864 767 928 αὐτῷ
792 863 1026 925 ὁμολογεῖν
1051 863 1305 925 σοφώτερόν
1339 883 1386 911 τε
1421 863 1558 910 ἄλλον

137 932 274 980 ἄλλου
299 935 413 982 εἶναι
439 936 510 981 καὶ
535 934 612 981 τὸν
636 935 718 994 μὲν
742 937 942 981 τοιοῦτον
960 935 1120 994 μέτρον
1145 933 1282 992 εἶναι,
1309 934 1405 992 ἐμοὶ
1431 933 1479 979 δὲ
1498 935 1560 994 τῷ

137 1000 451 1062 ἀνεπιστήμονι
474 1003 586 1062 μηδὲ
609 1001 859 1049 ὁπωστιοῦν
883 1000 1084 1061 ἀνάγκην
1104 1000 1217 1047 εἶναι
1243 1002 1388 1063 μέτρῳ
1412 1005 1557 1060 γίγνε-

139 1079 269 1127 σθαι,
305 1071 362 1124 ὠς
394 1069 492 1129 ἄρτι
523 1089 577 1130 με
609 1070 855 1129 ἠνάγκαζεν
887 1070 910 1116 ὁ
936 1067 1051 1128 ὑπὲρ
1088 1072 1260 1116 ἐκείνου
1286 1068 1438 1127 λόγος,
1474 1068 1554 1115 εἴτ’

105 1154 119 1176 ⁵
140 1138 386 1198 ἐβουλόμην
411 1147 497 1185 εἴτε
521 1138 603 1198 μή,
628 1144 830 1184 τοιοῦτον
855 1139 979 1184 εἶναι.

242 1214 372 1254 ΘΕΟ
408 1205 575 1267 Ἐκείνῃ
607 1226 680 1265 μοι
707 1210 850 1265 δοκεῖ,
886 1226 919 1252 ω
949 1206 1208 1263 Σωκρατες,
1243 1204 1430 1287 μάλιστα
1464 1204 1555 1251 ἁλί-

139 1283 328 1321 σκεσθαι
351 1273 374 1321 ὁ
399 1273 550 1333 λόγος,
574 1271 861 1333 ἁλισκόμενος
880 1276 953 1320 καὶ
971 1272 1134 1333 ταύτῃ,
1159 1275 1187 1333 ᾑ
1207 1293 1283 1328 τας
1301 1276 1392 1319 τῶν
1411 1271 1560 1319 ἄλλων

140 1341 269 1396 δόξας
292 1350 448 1400 κυρίας
474 1353 611 1399 ποιεῖ,
645 1362 774 1389 αυται
807 1343 856 1389 δε
882 1341 1110 1400 ἐφάνησαν
1142 1342 1245 1395 τούς
1281 1344 1456 1388 ἐκείνου
1489 1340 1558 1387 λό-

140 1430 246 1469 γους
270 1408 447 1470 οὐδαμῇ
470 1408 656 1469 ἀληθεῖς
681 1407 937 1469 ἡγούμεναι.

241 1485 340 1526 Σῼ.
389 1481 622 1538 Πολλαχῇ,
656 1471 694 1524 οἷ
718 1478 947 1537 Θεόδωρε,
980 1480 1055 1524 καὶ
1087 1476 1200 1537 α”λλῃ
1224 1477 1282 1524 ἂν
1315 1476 1364 1524 τό
1389 1498 1438 1536 γε
1471 1497 1557 1524 τοι·

229 1649 245 1678 1
265 1645 302 1679 εἷ’
313 1656 366 1688 πη
385 1647 473 1687 de.
566 1650 587 1680 3
604 1643 707 1692 αὑτῷ
723 1647 1007 1690 circumscripsit
1020 1647 1134 1686 Hrm„
1154 1646 1348 1679 delendum
1366 1656 1446 1679 esse
1464 1645 1559 1679 vidit

139 1690 518 1734 Sehleiermacheru3‚
542 1703 661 1735 neque
683 1683 836 1725 ‘Fioinus
859 1693 1023 1735 agnovit
1135 1694 1175 1725 13
1203 1688 1304 1724 εἶναι
1328 1695 1412 1734 post
1435 1687 1558 1735 μέτρῳ

139 1737 242 1778 ponit
260 1736 307 1769 H.
405 1735 542 1780 μέτρον
559 1740 603 1771 Δ.
698 1740 739 1771 14
764 1735 1052 1781 εἰτεβουλοίμην
1068 1738 1126 1773 521‘
1138 1749 1150 1770 ι
1169 1738 1316 1770 videtur
1340 1740 1472 1780 postea
1495 1738 1557 1770 ad·

137 1782 295 1814 iectum’
314 1782 430 1815 Gaisf.

881 1930 962 1962 buit
990 1934 1131 1972 partem
1162 1930 1345 1973 quandam
1377 1923 1555 1972 ὀψοποιι-

882 1974 962 2017 κῆς.
999 1975 1108 2028 Gorg.
1127 1975 1248 2008 4651).

138 1928 191 1961 lus
216 1931 302 1960 ante
326 1928 456 1970 epulas
480 1928 524 1960 de
551 1929 712 1961 ciborum
730 1940 811 1962 sua—

137 1975 255 2006 vitate
281 1973 443 2006 iudicare
478 1977 618 2016 potest,
648 1975 703 2007 ita
725 1975 812 2007 Pro-

138 2023 287 2060 tagoras
304 2019 433 2051 melius
452 2029 507 2059 se,
526 2020 587 2061 qui
604 2020 653 2052 sit
668 2020 813 2053 futurus

138 2064 316 2096 orationis
368 2064 543 2106 effectus,
597 2065 811 2107 praevidere

138 2119 244 2151 posse
276 2108 517 2151 profitebatur
549 2120 655 2152 quam
693 2121 813 2153 quem«

141 2165 247 2196 quam
266 2154 387 2187 alium.
421 2155 499 2187 Nec
515 2166 601 2188 vero
620 2156 812 2198 quisquam

138 2199 340 2232 mercedem
369 2200 403 2232 ei
432 2199 604 2233 solvisset
630 2212 810 2244 magnam,

137 2245 208 2277 nisi
225 2244 416 2287 discipulis
439 2246 685 2288 persuasisset
700 2247 812 2279 etiam

139 2289 182 2321 de
200 2291 309 2323 rebus
328 2290 460 2324 futuris
475 2301 593 2333 neque
611 2294 734 2323 vatem
750 2302 812 2324 ne-

139 2345 205 2376 que
222 2345 435 2378 quemquam
446 2336 554 2367 alium
563 2336 693 2369 melius
705 2347 812 2379 posse

138 2379 302 2413 iudicare
321 2390 429 2423 quam
447 2392 484 2414 se
501 2382 631 2423 ipsum.
663 2382 750 2414 Ita
739 2393 813 2414 iam

138 2425 287 2457 Ficinus
310 2425 428 2458 locum
454 2427 720 2478 interpretatus
744 2430 812 2463 est.

138 2470 268 2503 Verbis
312 2471 426 2512 igitur
476 2464 501 2514 ἦ
554 2465 684 2510 οὐδεὶς
733 2473 811 2504 κτλ.

141 2514 494 2549 Schleiermaeherus
523 2520 624 2549 recte
654 2517 814 2549 animad-

139 2560 250 2592 vertit
270 2571 292 2592 a
310 2560 460 2594 Socrate
484 2563 603 2604 repeti
626 2566 662 2595 et
686 2561 814 2596 confir-

139 2606 231 2637 mari
245 2615 339 2647 quae
351 2606 458 2639 modo
473 2618 494 2639 a
508 2607 698 2640 Theodoro
713 2607 814 2641 dicta

140 2653 260 2685 erant.
304 2651 408 2703 Quod
430 2655 553 2684 autem
581 2654 707 2684 statim
730 2656 814 2695 post

139 2689 374 2738 ὀψοποιικὴν
390 2697 615 2740 Protagorae
641 2708 699 2730 ars
718 2708 812 2731 oom-

140 2742 375 2782 memoratur,
418 2742 577 2775 fortasse
616 2747 812 2786 propterea

139 2785 191 2818 fas.
194 2788 279 2817 tum
303 2788 375 2826 est,
402 2787 496 2829 quod
520 2788 628 2821 Plato
651 2799 727 2821 eam
747 2789 813 2822 ha-

927 2017 1200 2063 ’διαλέγεσθαι
1241 2021 1275 2052 h.
1304 2020 1328 2052 1.
1364 2021 1407 2052 de
1449 2020 1558 2052 disei-

881 2065 965 2108 pulo
979 2066 1191 2116 magistrum
1206 2068 1389 2118 sectante,
1398 2069 1440 2098 ut
1453 2065 1557 2118 soph.

881 2111 989 2144 232D
1007 2106 1150 2149 Οὐδεὶς
1168 2122 1240 2154 γαρ
1259 2122 1306 2144 αν
1331 2105 1483 2164 αὐτοῖς,
1509 2123 1559 2150 ως

883 2153 972 2195 ἔπος
991 2153 1132 2197 εἰπεῖν,
1157 2154 1349 2209 διελέγετο
1370 2153 1422 2199 μὴ
1446 2157 1558 2191 τοῦτο

881 2197 972 2235 ὑπισ
998 2199 1211 2243 νουμένοις.
1258 2203 1398 2235 Halm).

929 2249 943 2278 1
991 2247 1400 2280 πειθεν.1)εῑιεο1111ῑι3
1422 2249 1559 2290 requiri

883 2293 1083 2325 arbitratus
1136 2296 1192 2325 est
1238 2293 1559 2336 plusquamperfe-

882 2340 990 2373 ctum.
1030 2337 1102 2371 Sed
1121 2339 1198 2370 eius
1222 2338 1338 2371 vicem
1361 2338 1396 2370 h.
1421 2339 1445 2371 1.
1464 2339 1560 2372 obti-

881 2386 945 2415 net
962 2383 1228 2460 imperfectum.
1269 2384 1446 2427 Krueger.
1463 2385 1482 2424 ξ
1503 2385 1557 2425 54,

929 2453 992 2505 11
1002 2465 1060 2506 ὅτι
1091 2467 1252 2524 ἀνάγκη
1293 2474 1333 2506 Ρ
1355 2474 1459 2507 167D
1493 2472 1558 2507 καὶ

882 2529 979 2551 ουτω
1011 2513 1223 2572 σοφώτεροί
1241 2517 1284 2552 τὲ
1313 2516 1408 2552 εἰσιν
1437 2516 1559 2571 ἕτεροι

882 2557 1020 2604 ἕτέρων
1042 2562 1105 2597 καὶ
1126 2559 1256 2601 οὐδεὶς
1286 2563 1415 2614 ψευδῆ
1441 2561 1558 2618 δοξά-

882 2607 954 2649 ζει,
972 2606 1038 2642 καὶ
1057 2607 1134 2663 σοί,
1148 2604 1224 2643 ἐάν
1242 2620 1281 2642 τε
1299 2603 1450 2652 βούλῃ’
1433 2603 1502 2642 εάν
1519 2619 1558 2642 τε

882 2650 948 2695 μή,
966 2635 1148 2687 ἀνεκτέον
1166 2647 1248 2687 ὄντι
1265 2653 1399 2710 μέτρῳ.

928 2700 969 2731 17
994 2694 1241 2742 ἁλισκόμενος
1264 2697 1330 2731 καὶ
1356 2693 1494 2743 ταύτῃι
1521 2710 1556 2742 p.

883 2745 944 2776 171
963 2755 1036 2795 sq.

930 2790 969 2822 18
986 2781 1098 2822 αὗται
1121 2787 1175 2823 δέ.
1212 2789 1269 2822 Cf.
1290 2789 1335 2822 ad
1354 2800 1388 2833 p.
1410 2790 1524 2824 1460.
