1748 2950
517 121 589 162 AD
620 118 949 161 SoPfflSTAM.
1358 122 1416 162 19

55 237 124 273 tor
151 233 447 280 mercenarius3
488 231 634 272 deinde
663 236 867 272 mercator
896 231 1077 284 quidam,
1118 232 1185 284 qui
1225 231 1411 285 discipli-

55 303 126 329 nas
157 295 200 328 et
233 295 341 329 artes
373 290 561 329 liberales
590 291 807 335 venderet3
841 291 962 328 tertio
989 289 1410 337 ear.=nde1ninstit0r;

56 351 200 397 quarto
242 347 356 385 nobis
396 350 482 384 erat
522 346 577 392 is,
624 347 689 396 qui
720 346 949 397 disciplinas
979 346 1165 396 proprias
1195 345 1411 393 venderet3

55 403 195 453 quinto
226 403 411 454 apparuit
450 406 495 440 ut
522 401 675 439 athleta
715 404 872 452 quidam
905 403 1003 440 artis
1035 402 1284 440 orationibus
1315 413 1410 440 con-

56 459 260 506 certandi,
302 460 368 508 qui
408 461 536 495 artem
569 457 799 509 disputandi
826 458 1043 509 separatim
1072 470 1094 496 a
1124 457 1291 508 reliquis
1322 458 1411 496 sac-

54 515 216 561 titaret3
261 515 431 564 denique
463 514 734 564 ponebamus,
774 527 848 553 nec
880 519 1012 552 tamen
1043 514 1129 552 sine
1160 514 1412 552 dubitatione

56 571 251 622 quadam,
291 583 383 609 esse
425 583 515 608 eum
548 571 800 621 opinionum,
840 583 940 620 quae
970 571 1088 608 animi
1118 570 1333 608 eruditioni
1365 582 1411 608 ac

55 627 278 678 sapientiae
309 627 548 673 officerent,
581 631 853 677 purgatorem.
911 626 1018 664 Mira
1046 638 1143 664 vero
1174 630 1296 676 atque
1327 627 1408 665 sin-

55 683 206 733 gularis
249 681 349 720 haec
388 683 599 733 multiplex
631 683 717 721 eius
749 683 878 721 forma
907 695 953 720 ac
983 684 1144 733 species
1175 687 1265 730 est,
1307 694 1410 732 quae

53 742 167 776 certe
209 738 337 776 iniicit
375 739 541 776 multam
571 738 872 778 dubitationem.
934 738 1155 790 Pergamus
1186 739 1310 789 igitur
1340 751 1409 776 na-

52 798 186 833 turam
226 795 312 832 eius
355 807 478 845 porro
517 796 758 844 exquirere,
807 795 841 833 si
881 793 990 832 forte
1032 796 1182 833 certius
1222 794 1410 845 quiddam

55 851 269 901 explorare
312 851 450 897 liceat,
490 850 597 888 unde
628 851 759 900 possit
788 850 983 901 intelligi,
1025 863 1097 888 cur
1126 851 1220 897 ille,
1251 851 1410 889 etiamsi

51 919 131 945 uno
164 911 315 944 tantum
342 908 501 945 nomine
530 906 780 956 insigniatur,
812 911 944 945 tamen
976 906 1075 943 adeo
1107 907 1238 944 varius
1264 907 1318 944 sit
1348 911 1409 945 at*

52 974 131 1012 que
161 963 380 1013 multiplex.
439 962 536 1000 Fuit
576 966 711 1000 autem
749 975 870 1001 unum
909 961 1095 1012 quiddam
1125 963 1166 1000 in
1195 963 1410 1013 superiore

53 1030 254 1065 sermone,
285 1018 391 1068 quod
423 1019 510 1056 eius
539 1017 719 1056 indolem
751 1024 794 1057 et
823 1019 1026 1069 ingenium
1059 1018 1294 1069 patefacere
1323 1031 1408 1057 ma-

50 1075 156 1113 xime
193 1075 411 1113 videretur.
479 1074 659 1112 Diximus
701 1075 808 1112 enim
840 1087 930 1112 eum
971 1087 1068 1112 esse
1105 1070 1408 1125 ἀντιλογικόν,

53 1130 120 1180 qui
158 1134 300 1168 contra
336 1132 468 1169 omnia
503 1130 640 1168 dicere
679 1135 832 1181 posset.
902 1130 1122 1170 Videamus
1165 1129 1312 1181 igitur,
1353 1130 1407 1170 de

52 1186 285 1236 quibusnam
317 1187 440 1225 rebus
469 1183 742 1237 ἀντιλογικοί
780 1187 848 1224 isti
880 1198 973 1225 sese
1004 1187 1274 1237 profiteantur
1305 1186 1406 1225 alios

50 1254 212 1336 {ggqule
231 1243 301 1352 >ad
342 1247 482 1282 contra
520 1242 733 1281 dicendum
763 1243 932 1282 idoenos
962 1242 1139 1282 reddere
1168 1255 1308 1295 posse.
1339 1239 1405 1296 (P.

165 1408 340 1449 Videtur
369 1413 502 1450 autem
533 1414 672 1449 contra
701 1407 860 1448 dicendi
882 1422 946 1449 ars
969 1409 1020 1449 de
1037 1408 1220 1449 omnibus
1242 1408 1404 1448 omnino

51 1464 198 1513 rebus,
238 1466 379 1504 divinis
417 1471 460 1505 et
487 1466 693 1514 humanis,
733 1466 906 1517 publicis
937 1471 978 1504 et
1010 1468 1198 1518 privatis,
1241 1470 1406 1504 contro-

51 1522 222 1559 versiam
251 1522 388 1560 facere
417 1523 538 1573 idque
567 1524 698 1573 ipsum
731 1523 916 1573 profiteri
946 1523 1010 1571 (P.
1039 1523 1134 1561 232.
1169 1522 1202 1560 C
1235 1544 1287 1551 —
1319 1520 1405 1573 E.)-

51 1577 175 1628 Atqui
217 1577 306 1615 fieri
342 1590 421 1617 non
462 1582 622 1630 potest,
671 1583 716 1616 ut
762 1591 863 1616 unus
910 1579 1098 1628 idemque
1139 1578 1263 1616 homo
1306 1579 1407 1616 sciat

53 1634 195 1672 omnia.
270 1634 409 1684 ltaque
461 1635 679 1685 sophistae
727 1646 807 1672 non
860 1647 1000 1673 revera
1045 1644 1181 1672 rernm
1230 1635 1406 1673 omnium

54 1690 168 1740 gnari
196 1694 312 1738 sunt,
353 1690 423 1729 sed
455 1692 631 1729 excitant
659 1691 936 1729 tantummodo
976 1690 1078 1728 hanc
1110 1691 1161 1728 de
1192 1702 1285 1728 sese
1316 1691 1406 1740 opi-

52 1745 234 1792 nionem,
279 1750 324 1784 ut
362 1747 475 1797 gnari
522 1759 615 1785 esse
658 1746 881 1785 videantur.
960 1747 1158 1796 Quocirca
1203 1746 1407 1796 opinatam

55 1802 250 1851 quandam
280 1804 454 1840 omnium
484 1815 621 1841 rerum
651 1803 900 1854 sapientiam,
931 1814 1011 1841 non
1042 1815 1179 1841 veram
1208 1803 1406 1852 cognitio-

54 1868 145 1895 nem
174 1857 326 1895 habere
355 1858 607 1896 existimandi
635 1863 740 1896 sunt.
796 1858 877 1896 Iam
914 1871 1010 1896 vero
1042 1860 1077 1896 si
1102 1859 1297 1910 originem
1327 1857 1406 1896 hu-

54 1913 117 1951 ius
147 1913 334 1964 opinatae
363 1915 586 1964 sapientiae
615 1914 870 1965 indagamus,
906 1915 1088 1953 curnitur
1127 1927 1174 1952 ea
1204 1915 1244 1952 in
1274 1914 1407 1952 imita-

53 1969 176 2007 tione.
236 1969 578 2017 Quemadmodum
619 1971 722 2008 enim
763 1971 830 2020 qui
861 1982 907 2006 se
938 1983 1015 2009 uua
1042 1974 1132 2008 arte
1164 1970 1409 2020 profiteatur

55 2025 187 2063 omnia
216 2025 456 2065 effecturum
488 2038 579 2064 esse
608 2038 743 2063 rerum
775 2025 1008 2070 simulacra,
1041 2038 1126 2072 eos,
1158 2027 1225 2075 qui
1255 2039 1277 2063 a
1306 2037 1409 2076 pue-

54 2081 113 2120 ris
143 2094 279 2119 rerum
309 2083 390 2120 sint
418 2083 659 2130 inscientes,
687 2082 841 2120 artibus
872 2082 954 2119 suis
988 2081 1101 2120 fallat
1131 2094 1176 2119 ac
1207 2081 1408 2132 decipiat3

54 2136 112 2175 ita
149 2138 269 2176 etiam
311 2142 375 2177 est
412 2139 604 2189 quaedam
646 2150 710 2175 ars
745 2138 992 2184 orationum,
1033 2150 1110 2187 qua
1138 2138 1302 2176 iuvenes
1332 2138 1408 2176 im-

55 2191 277 2244 prudentes
316 2198 465 2244 queant
502 2193 656 2245 decipi,
696 2194 752 2232 ita
789 2197 834 2231 ut
874 2205 976 2244 quae
1014 2194 1095 2232 sint
1129 2194 1409 2232 tantummodo

55 2259 191 2287 rerum
222 2249 434 2288 simulacra
464 2251 646 2289 oratione
672 2261 887 2300 expressa,
928 2262 975 2287 ea
1015 2262 1091 2301 pro
1120 2251 1227 2288 veris
1260 2250 1408 2288 ducant

56 2308 177 2355 atque
205 2306 336 2356 ipsum
368 2306 462 2345 talia
492 2306 692 2345 dicnetem
718 2306 757 2344 in
788 2306 895 2344 omni
923 2315 1058 2344 rerum
1083 2318 1233 2357 genere
1262 2309 1410 2357 putent

57 2363 151 2399 esse
187 2363 541 2414 sapientissimum.
599 2361 661 2400 Ex
699 2374 777 2412 quo
814 2362 1097 2412 consequitur,
1133 2365 1180 2400 ut
1215 2361 1410 2413 sophista

56 2416 165 2454 inter
202 2419 428 2457 imitatores
469 2431 514 2456 ac
553 2418 886 2469 praestigiatores
915 2417 1183 2456 numerandus
1231 2419 1284 2456 sit
1344 2414 1409 2469 (Pl

58 2471 153 2510 233.
183 2473 232 2513 A.
263 2496 315 2503 —
347 2474 444 2513 235.
474 2471 555 2528 A.).
611 2474 700 2524 Age
739 2475 833 2512 dum
872 2474 1018 2524 igitur,
1058 2473 1137 2512 iam
1177 2477 1291 2511 certe
1330 2474 1409 2511 noss·

59 2531 187 2565 strum
229 2534 292 2568 est
330 2531 504 2569 belluam
542 2531 685 2577 istam,
741 2541 861 2579 quam
899 2530 1192 2581 propemodum
1232 2529 1409 2567 reticulo

60 2584 236 2624 oratorio
267 2586 436 2635 quodam
467 2587 727 2624 constrictam
755 2590 963 2633 tenemus,
994 2598 1073 2624 non
1103 2597 1242 2624 rursus
1273 2585 1408 2622 dimit-

59 2642 163 2680 tere.
221 2639 451 2683 Dividamus
491 2654 591 2695 ergo
620 2642 660 2682 in
700 2652 771 2680 sua
813 2653 963 2693 genera
992 2642 1204 2682 simulacra
1234 2640 1410 2694 fingendi

1005 2707 1085 2747 2*
