1716 2970
178 162 230 205 16
695 143 1070 185 PROLEGOMENA.

178 277 304 327 ipsum
324 271 367 311 fit
387 280 457 322 per
477 277 632 307 sensum
653 260 852 314 perceptio
879 257 926 297 ad
948 266 1056 296 suam
1084 263 1130 293 ac
1151 250 1350 303 propriam
1366 245 1576 296 imaginem

178 328 366 370 memoria
385 328 576 366 servatam
596 319 806 360 referatur,
835 316 876 354 in
896 317 1034 364 quarto
1055 308 1223 357 denique
1244 311 1410 354 utraque
1430 306 1468 339 et
1487 310 1576 351 per·

179 385 308 436 ceptio
329 387 367 422 et
386 380 525 420 mentis
547 376 679 416 notitia
700 371 838 412 abesse
857 368 1028 420 ponitur.
1077 363 1198 403 Error
1219 365 1346 400 autem
1369 358 1419 395 ita
1450 355 1576 394 locum

178 439 315 484 habet,
336 443 379 477 ut
397 445 580 476 sensuum
602 428 800 483 perceptio
821 435 899 464 non
926 422 1019 461 satis
1039 423 1220 458 accurata
1247 415 1297 454 sit
1324 418 1391 452 aut
1420 409 1579 450 scientia

181 494 385 536 obscurior
405 485 644 543 quaedam1).
695 481 819 522 Veluti
838 477 1088 518 Theodorum
1109 479 1147 514 et
1166 471 1419 511 Theaetetum
1440 467 1471 506 si
1493 464 1583 503 novi

182 560 397 599 eorumque
416 552 530 586 teneo
552 540 794 583 memoriam,
813 535 896 575 [ieri
911 536 1052 584 potest,
1070 535 1112 569 ut
1126 534 1416 576 nonnumquam
1434 519 1581 560 videam

183 613 393 656 utrumque
422 600 482 641 vel
512 598 664 638 audiam
700 592 760 633 vel
788 591 862 631 alio
890 599 1007 629 sensu
1034 584 1263 637 percipiam,
1292 586 1583 627 nonnumquam

184 673 282 706 non,
305 657 554 699 nihilominus
574 658 701 692 autem
722 654 930 697 utrumque
950 641 1136 682 noverim.
1168 638 1249 678 lam
1268 645 1403 676 errare
1423 633 1473 671 ita
1495 642 1583 683 pos-

185 729 283 762 sum,
307 721 348 755 ut
368 711 615 753 Theodorum
639 712 676 745 et
690 704 944 743 Theaetetum
966 705 1199 748 cognoscam
1220 690 1391 743 quidem,
1408 687 1475 727 sed
1497 697 1585 724 cum

187 786 208 813 e
229 772 439 821 longinquo
466 778 511 806 ac
533 766 590 803 vix
620 759 879 812 conspiciam,
908 755 1062 805 utrique
1090 761 1199 790 suam
1227 744 1413 786 adhibere
1441 752 1586 781 conaus

188 829 393 878 imaginem
410 823 663 863 Theaetetum
678 820 810 867 putem
832 823 918 852 esse
932 807 1194 849 Theodorum,
1216 806 1282 842 aut
1301 806 1342 840 ut
1357 798 1586 839 alterutrum

189 890 336 924 tantum
358 878 606 929 conspiciam,
625 871 692 912 sed
708 871 799 910 licet
814 869 1014 916 utriusque
1030 862 1218 911 imagines
1238 856 1357 896 menti
1377 855 1588 904 impressae

189 941 284 983 sint,
306 936 465 976 alterius
484 930 733 971 simulacrum
755 924 803 965 ad
823 922 987 963 alterum
1018 916 1250 957 transferam
1270 918 1309 951 et
1328 912 1378 950 ita
1399 908 1588 948 Theaete-

190 1001 292 1038 tum,
315 1002 431 1043 quem
452 986 676 1038 conspicor.
704 979 955 1020 Theodorum
985 985 1069 1015 esse
1089 976 1233 1023 putem.
1285 966 1451 1006 Omnino
1471 962 1590 1013 igitur

193 1049 287 1089 falsa
316 1047 445 1098 opinio
472 1055 550 1082 non
578 1044 754 1079 versatur
781 1037 822 1074 in
850 1033 987 1076 rebus,
1015 1039 1111 1081 quas
1139 1024 1254 1077 plane
1281 1024 1506 1073 ignoramus
1532 1014 1591 1054 vel

193 1116 272 1144 non
293 1103 497 1144 sentimus,
527 1096 594 1137 sed
623 1096 661 1133 in
681 1094 727 1132 iis
754 1090 862 1135 solis,
892 1099 986 1140 quas
1014 1085 1159 1124 scimus
1186 1086 1224 1119 et
1242 1077 1444 1118 sentimus.
1492 1073 1591 1111 Vera

193 1165 323 1200 autem
344 1156 495 1208 opinari
516 1155 740 1193 honestum,
762 1145 856 1186 falsa
877 1154 967 1183 vero
989 1147 1102 1190 turpe
1124 1134 1232 1185 est2).

307 1214 423 1254 Cuius
443 1211 501 1250 rei
523 1217 678 1247 causam
699 1204 798 1243 hanc
820 1212 903 1240 esse
923 1195 1142 1249 perhibent.
1194 1191 1235 1231 Si
1256 1199 1344 1228 cera
1366 1185 1447 1228 illa,
1477 1194 1593 1234 quam

196 1271 333 1312 animis
354 1270 480 1307 inesse
500 1264 699 1305 finximus,
721 1255 841 1298 multa
862 1260 901 1294 et
920 1253 1020 1293 bene
1036 1251 1263 1300 praeparata
1286 1249 1362 1287 est,
1384 1251 1494 1278 veras
1511 1237 1595 1277 diu·

195 1333 406 1375 turnasque
435 1320 621 1370 imagines
647 1313 827 1364 suscipit,
862 1311 923 1349 sin
951 1305 1145 1347 sordidior
1174 1306 1230 1340 est
1259 1304 1326 1338 aut
1352 1294 1505 1335 mollior
1532 1297 1597 1331 aut

197 1382 351 1425 durior,
387 1377 573 1426 imagines
609 1370 856 1411 obscuriores
893 1369 931 1404 et
964 1360 1076 1401 facile
1110 1359 1386 1397 evanescentes
1419 1348 1596 1400 suscipit;

199 1437 301 1477 unde
321 1435 381 1478 fit,
405 1439 446 1471 ut
467 1431 530 1470 alii
549 1430 625 1467 sint
645 1424 808 1468 dociles,
831 1428 1043 1462 memores,
1066 1413 1212 1454 erroris
1232 1414 1423 1462 expertes,
1446 1404 1509 1445 alii
1529 1404 1598 1443 he-

199 1494 325 1535 betes,
348 1487 543 1531 obliviosi,
567 1482 712 1523 erroris
738 1478 856 1531 pleni.
905 1475 1011 1522 Quae
1039 1482 1127 1510 cum
1157 1470 1209 1508 ita
1230 1466 1325 1509 sint,
1354 1468 1394 1504 et
1420 1471 1532 1500 veras
1560 1463 1599 1497 et

199 1547 315 1588 falsas
335 1545 539 1596 opiniones
560 1551 643 1579 esse
663 1532 956 1577 concedendum
978 1529 1053 1567 erit
1062 1523 1104 1578 ³).

314 1602 381 1640 His
401 1610 492 1638 vero
512 1598 565 1635 ita
586 1591 769 1645 expositis
788 1588 923 1628 falsam
943 1583 1165 1635 opinionem
1187 1577 1349 1616 docetur
1368 1583 1447 1612 non
1476 1568 1600 1609 solum

201 1658 295 1698 oriri
309 1670 329 1696 e
344 1664 525 1695 sensuum
542 1646 805 1703 perceptionis
819 1650 857 1683 et
871 1640 1010 1681 mentis
1028 1636 1252 1676 notitiarum
1267 1628 1506 1671 confusione,
1529 1624 1597 1664 sed

203 1715 315 1754 etiam
344 1713 397 1750 ita
427 1709 611 1749 exsistere
640 1714 776 1755 posse,
816 1705 860 1739 ut
887 1695 1027 1736 mentis
1054 1691 1212 1731 notitiae
1231 1688 1342 1741 linter
1370 1695 1410 1724 se
1441 1680 1602 1722 confun-

206 1770 360 1810 dantur.
411 1763 558 1805 Accidit
578 1761 701 1803 enim,
731 1763 775 1796 ut
794 1755 880 1806 quis
900 1756 1049 1802 septem
1070 1753 1107 1786 et
1127 1745 1298 1797 quinque
1318 1738 1409 1792 quid
1436 1736 1606 1776 efficiant

207 1828 435 1875 computans
462 1818 641 1859 undecim
672 1825 755 1853 esse
785 1809 998 1850 existimet,
1027 1801 1130 1843 unde
1166 1797 1278 1839 facile
1314 1798 1475 1846 apparet
1502 1792 1605 1843 ipsas

556 1875 563 1881 -
585 1873 593 1882 ο
721 1870 728 1877 .

205 1888 456 1919 numerorum
486 1879 640 1913 notitias
668 1879 798 1909 animo
828 1861 1130 1913 comprehensas
1157 1854 1205 1894 ab
1241 1866 1287 1892 eo
1316 1853 1415 1891 inter
1442 1860 1485 1887 se
1513 1857 1606 1885 con·

211 1934 333 1975 fundi.
373 1933 468 1973 Cum
497 1941 588 1968 vero
616 1931 823 1975 utrumque
850 1917 1020 1960 noverit,
1050 1920 1088 1953 et
1116 1909 1319 1951 duodecim
1349 1911 1386 1945 et
1413 1902 1606 1944 undecim.

208 1989 457 2040 relinquitur,
488 1990 531 2024 ut
559 1988 625 2023 aut
646 1979 791 2020 nullam
819 1975 977 2015 omnino
1006 1970 1140 2010 salsam
1170 1976 1256 2006 esse
1276 1962 1501 2014 opinionem
1530 1962 1606 1996 sta-

211 2054 384 2089 tuamus,
417 2047 483 2081 aut
509 2041 594 2080 fieri
621 2038 753 2087 utique
780 2043 893 2086 posse
921 2036 1169 2067 censeamus,
1201 2025 1244 2060 ut
1271 2018 1355 2069 quis
1383 2012 1486 2065 quod
1514 2012 1609 2052 sciat

212 2102 315 2141 idem
338 2099 493 2138 nesciat.
531 2095 722 2135 Neutrum
743 2094 872 2129 autem
893 2083 1075 2136 quoniam
1095 2078 1193 2118 ratio
1214 2072 1396 2115 admittit,
1418 2067 1466 2108 ad
1486 2067 1525 2106 id
1548 2078 1609 2106 re—

212 2155 409 2196 deundum
430 2153 521 2197 erit,
553 2148 655 2202 quod
685 2146 731 2186 ab
760 2144 868 2184 initio
889 2140 936 2180 ad
958 2133 1224 2189 quaerendum
1251 2127 1491 2180 propositum
1514 2127 1609 2165 erat,

214 2212 262 2252 ad
281 2211 401 2261 ipsius
422 2207 604 2247 scientiae
624 2205 700 2242 vim
722 2212 768 2240 ac
788 2203 964 2237 naturam
987 2187 1271 2231 declarandam.
1321 2182 1428 2228 Quae
1449 2179 1522 2218 nisi
1545 2189 1612 2216 ex·

215 2268 368 2319 plorata
390 2265 460 2308 sit,
482 2262 575 2325 salsa
596 2258 728 2311 opinio
749 2253 839 2306 quid
861 2253 930 2296 sit,
951 2245 1115 2288 inveniri
1136 2254 1214 2282 non
1234 2235 1410 2292 potest⁴).

217 2378 393 2418 Praestat
424 2380 552 2413 tamen
584 2371 732 2410 dicere:
762 2364 964 2405 scientiam
990 2355 1200 2411 possidere.
1253 2348 1405 2390 Habere
1440 2355 1542 2385 enim
1577 2348 1615 2382 et

218 2431 418 2485 possidere
448 2428 521 2467 hoc
553 2428 652 2465 inter
680 2436 721 2463 se
750 2420 951 2461 differunt,
982 2412 1085 2465 quod
1113 2421 1211 2463 quae
1232 2404 1440 2446 babemus,
1474 2401 1521 2439 iis
1541 2399 1615 2438 iam

221 2489 388 2530 utimur.
417 2483 484 2523 sed
514 2494 614 2533 quae
646 2477 910 2531 possidemus,
937 2472 983 2511 iis
1011 2468 1058 2509 ad
1087 2465 1285 2507 libidinem
1315 2458 1374 2498 vel
1394 2457 1538 2496 utimur
1558 2451 1617 2491 vel

221 2554 301 2583 non
321 2542 480 2581 utimur.
533 2535 643 2582 Quod
673 2530 900 2573 columbarii
929 2522 1106 2575 exemplo
1135 2519 1359 2560 illustratur.
1408 2508 1617 2552 Columbae

223 2599 346 2643 enim,
367 2607 467 2648 quae
487 2595 524 2633 in
547 2605 592 2631 eo
608 2589 804 2632 habitant,
826 2582 1092 2637 possidentur,
1115 2586 1213 2629 quae
1232 2583 1325 2613 vero
1346 2569 1395 2609 de
1415 2569 1462 2607 iis
1482 2570 1617 2616 captae

316 2738 349 2784 1)
376 2751 406 2772 c.
423 2735 592 2770 XXXIII.
685 2730 720 2775 2)
746 2741 780 2773 p.
802 2722 1075 2762 190E—1940.
1173 2720 1207 2757 3)
1234 2727 1264 2751 e.
1290 2711 1442 2747 XXXW
1467 2720 1501 2752 p.
1521 2705 1619 2740 1940

226 2786 392 2864 :1332
423 2783 479 2818 Cf.
504 2791 577 2815 van
600 2776 784 2812 Heusdius
807 2773 843 2806 11
868 2774 887 2805 3
911 2782 946 2814 p.
966 2770 1029 2802 164
1053 2777 1106 2809 sq.
1199 2762 1234 2805 4)
1261 2771 1292 2794 c.
1317 2755 1450 2790 XXXV
1469 2765 1504 2797 p.
1524 2749 1623 2785 1950
