1748 2944
731 99 1031 135 ΘΕΑΙΤΗΤΟΣ.

1535 95 1591 138 89

169 223 388 279 σκέψομαι
412 216 496 265 εἴτ’
521 217 754 278 ἀνεμιαῑον
778 223 867 263 εἴτε
890 213 1076 275 γόνιμον
1099 211 1449 272 ἀναφανήσεται.
1478 211 1590 259 αλλὰ

169 292 356 347 θαρρῶν
387 288 461 333 καὶ
495 289 722 344 καρτερῶν
756 278 806 331 εὖ
832 286 907 330 καὶ
940 281 1159 342 ἀνδρείως
1193 279 1440 340 ἀποκρίνου
1470 278 1499 327 ἃ
1534 277 1593 328 ἂν

170 360 387 416 φαίνηταί
407 370 477 402 σοι
500 357 602 412 περὶ
626 373 689 399 ων
712 373 769 399 αν
794 356 956 412 ἐρωτῶ.

274 429 431 471 ΘΕΑΙ.
465 420 626 482 Ἐρώτα
651 420 721 480 δή.

135 508 153 534 5
270 488 414 537 ΧΠῙ.
451 496 553 537 ΣΩ.
590 491 706 548 Λέγε
729 493 886 535 τοίνυν
908 486 1068 546 πάλιν,
1103 493 1148 532 εἴ
1166 500 1235 532 σοι
1257 483 1438 544 ἀρέσκει
1460 484 1509 532 τὸ
1534 484 1593 544 μή

169 579 211 606 τι
235 559 350 606 εἶναι
373 558 484 604 ἀλλά
509 562 746 617 γίγνεσθαι
770 555 839 603 ἀεὶ
864 553 1038 615 ἀγαθὸν
1071 556 1146 601 καὶ
1169 553 1309 601 καλὸν
1339 555 1413 600 καὶ
1447 551 1592 600 πάντα

169 625 198 673 ἃ
220 625 320 687 ἄρτι
345 629 515 686 διῇμεν.

273 701 433 742 ΘΕΛΙ.
466 691 583 740 Ἀλλ’
612 698 776 752 ἔμοιγε,
803 690 956 750 ἐπειδὴ
981 694 1064 737 σοῦ
1082 689 1230 738 ἀκούω
1255 690 1372 736 οὕτω
1399 688 1592 745 διεξιόν-

168 782 264 822 τος,
288 767 553 822 θαυμασίως
577 767 784 820 φαίνεται
817 759 876 814 ὦς
903 765 1020 819 ἔχειν
1043 758 1177 818 λόγον
1201 759 1277 804 καὶ
1312 757 1594 817 ὑποληπτέον

120 849 152 875 ιο
170 824 284 891 ᾗπερ
311 829 593 889 διελήλυθας.

273 905 371 946 Σῼ.
415 897 497 956 Μὴ
533 901 688 943 τοίνυν
728 894 1016 955 ἀπολίπωμεν
1053 893 1162 941 οσον
1195 895 1400 940 ἐλλεῖπον
1438 890 1591 940 αὐτου.
1618 900 1650 934 Ε

171 972 368 1013 λείπεται
401 966 448 1011 δε
473 968 700 1012 ἐνυπνίων
734 982 782 1009 τε
812 965 913 1023 πέρι
937 965 1012 1009 καὶ
1036 961 1208 1020 νόσων,
1242 981 1334 1008 των
1366 981 1414 1008 τε
1444 960 1594 1007 αλλων

171 1035 245 1081 καὶ
285 1037 468 1093 μανίας,
510 1031 591 1079 ὅσα
631 1051 680 1079 τε
719 1030 994 1091 παρακούειν
1033 1028 1062 1090 ἢ
1102 1034 1306 1090 παρορᾶν
1345 1030 1375 1090 ἦ
1409 1049 1451 1076 τι
1485 1028 1593 1075 ἄλλο

171 1100 567 1161 παραισθάνεσθαι
590 1102 776 1158 λέγεται.
814 1099 950 1146 οἶσθα
974 1098 1059 1159 γάρ
1083 1117 1171 1145 που
1197 1096 1264 1145 ὅτι
1290 1100 1339 1144 ἐν
1362 1102 1471 1144 πᾶσι
1494 1095 1594 1144 τού-

122 1185 155 1212 15
171 1189 262 1224 τοις
278 1169 640 1228 ὁμολογουμένως
660 1170 919 1227 ἐλέγχεσθαι
937 1172 1063 1214 δοκεῖ
1076 1164 1130 1213 ὃν
1147 1165 1246 1226 ἄρτι
1267 1169 1427 1226 διῇμεν
1444 1164 1592 1224 λόγον,

174 1257 232 1291 ως
256 1235 419 1290 παντὸς
442 1240 609 1296 μᾶλλον
627 1235 735 1294 ἡμῖν
753 1240 935 1290 ψευδεῖς
955 1234 1188 1293 αἰσθήσεις
1208 1236 1256 1280 ἐν
1275 1232 1428 1288 αὐτοῖς
1446 1253 1594 1293 γιγνο-

172 1310 330 1365 μένας,
365 1306 438 1350 καὶ
470 1307 637 1350 πολλοῦ
677 1308 748 1349 δεῖ
777 1303 829 1348 τὰ
861 1301 1110 1362 φαινόμενα
1143 1302 1311 1348 ἑκάστω
1343 1305 1484 1348 ταῦτα
1519 1303 1595 1348 καὶ

175 1373 313 1430 εἶναι,
338 1370 451 1418 αλλα
473 1377 564 1418 πᾶν
586 1368 849 1418 τουναντίον
873 1370 1010 1418 οὐδεν
1034 1390 1099 1416 ων
1122 1375 1328 1429 φαίνεται
1355 1370 1482 1416 εἶναι.

278 1437 770 1498 ΘΕΑ1.Ἀληθε’στατα
794 1441 958 1498 λέγεις,
985 1458 1019 1484 ω
1043 1436 1292 1497 Σώκρατες.

265 1598 285 1629 3
310 1587 359 1629 ἂν
376 1607 443 1629 om.
463 1603 495 1631 ς.

173 1640 377 1674 Heindorfii
395 1641 608 1674 coniectuna
626 1641 732 1673 Hsclz.

177 1786 250 1818 gna
272 1776 310 1807 vi
332 1776 554 1810 inferuntur.
595 1775 652 1808 Cf.
680 1786 714 1818 p.
733 1776 848 1817 16513,

234 1866 255 1897 6
286 1858 445 1907 ἀγαθὸν
467 1863 533 1899 καὶ
558 1859 687 1900 καλόν.
737 1865 852 1898 Hein

180 1909 314 1942 dorfius
340 1910 495 1942 miratus
524 1913 596 1952 est,
623 1910 720 1953 quod
743 1910 851 1943 Plato

179 1954 247 1987 has
263 1955 434 1988 notiones
450 1954 628 1997 intulerit,
645 1966 726 1988 cum
739 1959 853 1987 antea

179 2010 252 2033 non
268 2000 342 2032 nisi
359 2000 496 2032 formas
517 2010 637 2032 rerum
660 2001 699 2032 in
724 2010 853 2032 sensus

180 2045 357 2078 cadentes
370 2044 593 2080 adhibuerit.
613 2045 686 2079 Sed
700 2046 855 2088 primum

178 2090 287 2123 Plato
304 2100 417 2133 saepe
443 2090 487 2122 de
513 2090 641 2123 eadem
665 2101 703 2123 re
728 2090 855 2123 dicens

179 2135 294 2169 variis
306 2136 424 2167 utitur
437 2135 624 2178 exemplis.
638 2135 856 2178 Itap.147A

180 2183 265 2223 post
278 2177 448 2231 χυτρέας,
462 2176 855 2222 imminemus-‚nuv-

181 2220 375 2268 θουργοὺς
392 2225 563 2269 producit
574 2223 855 2268 κοροπλάθους,

180 2281 215 2313 p.
236 2270 337 2304 1710
357 2281 486 2303 canem
502 2271 619 2303 infert
632 2275 856 2314 ,postquam

181 2320 294 2348 antea
319 2317 368 2358 (p.
387 2316 450 2348 161
461 2315 503 2355 C)
530 2326 630 2349 suem
654 2321 690 2349 et
715 2317 857 2349 simiam

181 2361 396 2396 nominavit.
433 2361 488 2393 Cf.
506 2361 554 2393 ad
571 2372 604 2404 p.
626 2361 739 2397 166Ε.
781 2362 856 2394 De—

180 2405 268 2438 inde
291 2409 391 2439 reote
414 2405 665 2448 Campbellius
693 2407 857 2438 animad-

181 2451 295 2484 vertit
311 2451 507 2484 transitum
530 2452 578 2484 ad
601 2452 666 2484 has
686 2452 858 2484 notiones

185 2505 227 2528 eo
242 2496 381 2528 factum
394 2506 487 2536 esse,
507 2497 602 2539 quod
615 2508 650 2550 p.
668 2497 858 2529 1561312111

185 2545 488 2574 commemoratae
519 2542 592 2574 sint
620 2537 762 2585 ἡδοναὶ
791 2540 857 2575 καὶ

184 2584 302 2619 λῦπαι
324 2584 391 2620 καὶ
408 2582 615 2630 ἐπιθυμίαι
620 2554 704 2620 nna).
727 2582 853 2640 φόβοι,

186 2641 279 2681 quae
319 2641 378 2664 res
418 2642 508 2664 sane
548 2643 621 2665 non
654 2632 791 2665 cadunt
821 2634 857 2665 in

185 2678 326 2709 sensus.

230 2722 252 2753 9
291 2721 518 2763 θαυμασίως
564 2721 747 2776 φαίνεται
793 2717 854 2761 ὡς.

186 2766 432 2808 lungendum
449 2767 676 2810 θαυμασίως
700 2763 749 2806 ὡς
767 2767 856 2810 φαί-

186 2820 311 2853 νεται,
347 2811 502 2844 mirum
542 2817 754 2855 quantum
793 2813 857 2846 vi-

590 1597 631 1628 13
657 1606 692 1627 τι
709 1588 798 1628 αλλο
816 1594 949 1629 QAIP
964 1593 1072 1646 Bkk„
1090 1588 1182 1628 αλλο
1200 1605 1236 1627 τι
1253 1602 1286 1630 ς

826 1641 867 1673 18
885 1631 989 1683 efud*
970 1650 1016 1673 ον
1032 1640 1063 1675 ἓῐ
1080 1631 1180 1683 (ὧν
1169 1651 1208 1672 m
1223 1637 1359 1683 marg.)
1376 1639 1467 1676 ΔΠ

1380 1596 1422 1627 17
1448 1593 1535 1628 δεῖν
1553 1605 1598 1627 ex

921 1774 1054 1808 detur
1090 1786 1190 1809 esse
1229 1778 1596 1809 consentaneum.

923 1821 1087 1874 Sympos.
1103 1821 1206 1854 20013
1224 1819 1458 1874 θαυμασταῖς
1476 1820 1596 1861 δοκεῖ,

921 1858 948 1899 ὦ
978 1860 1166 1908 Ἀγάθων,
1207 1861 1259 1905 (ὃς
1299 1861 1447 1908 ἀνάγκη
1483 1863 1598 1900 εἶναι.

921 1911 1109 1945 Phaedon.
1142 1912 1224 1944 95A
1261 1910 1495 1963 θαυμαστως
1534 1923 1599 1954 μοι

924 1952 1028 1994 εἶπες
1044 1950 1094 1995 ὥς
1109 1967 1214 1998 παρα
1228 1953 1359 1997 δόξαν.
1366 1959 1376 1976 ’
1404 1957 1599 1990 SALLBAU—

924 2011 1028 2034 mos.

971 2048 1011 2078 11
1030 2055 1121 2078 οσον
1139 2040 1314 2079 ἐλλεῖπον
1333 2057 1382 2080 sc.
1400 2041 1516 2081 ἐστίν.
1544 2046 1600 2079 Cf.

925 2091 1029 2134 soph.
1045 2091 1150 2123 219A
1172 2100 1242 2134 οση
1266 2089 1356 2133 περὶ
1378 2088 1422 2125 τὸ
1450 2088 1601 2135 θνητὸν

922 2135 1004 2169 πᾶν
1045 2135 1152 2188 σῷμα
1192 2136 1399 2188 θεραπεία.
1459 2137 1601 2170 Phaed.

926 2182 1026 2215 1100
1044 2177 1115 2224 τὴν
1133 2176 1176 2214 δε
1196 2181 1295 2226 (γῆν)
1313 2191 1384 2225 οση
1402 2177 1531 2226 λευκή.

971 2228 1012 2259 12
1044 2225 1217 2260 λείπεται
1235 2249 1279 2254 —-
1295 2224 1401 2269 πέρι,
1434 2231 1600 2269 restat,

925 2275 972 2305 ut
1013 2272 1194 2305 dicatur
1235 2272 1285 2305 de
1326 2274 1515 2306 somniis
1558 2276 1602 2306 et

925 2318 1101 2350 morbis.
1127 2319 1179 2351 Ut
1194 2317 1392 2350 membrum
1406 2318 1602 2351 relativum

926 2363 1133 2396 subiectum
1151 2366 1208 2396 est
1224 2364 1329 2396 verbi
1347 2362 1532 2406 λείπεται,
1547 2364 1602 2396 ita

927 2409 1205 2462 exspectaveris
1235 2409 1348 2441 etiam
1370 2409 1494 2451 posita
1522 2419 1604 2442 esse

928 2447 1091 2486 ἐνύπνια
1120 2451 1185 2487 καὶ
1214 2449 1330 2487 νόσοι.
1369 2454 1443 2486 Sed
1471 2455 1605 2486 maluit

928 2500 1082 2541 scriptor
1113 2509 1182 2531 usu
1217 2499 1406 2541 frequenti
1445 2499 1605 2532 subiecti

925 2543 1006 2576 loco
1050 2554 1159 2576 onere
1176 2542 1263 2586 περὶ
1280 2555 1309 2577 c.
1330 2553 1411 2587 gen.
1435 2545 1496 2577 Ita
1515 2544 1606 2576 diei-

926 2591 986 2621 tur
1023 2554 1064 2629 Ξρ
1068 2585 1183 2622 έσθαι
1223 2601 1260 2640 τι
1299 2593 1336 2622 et
1374 2589 1466 2632 περί
1501 2599 1605 2627 τινος

925 2627 1448 2722 21ὅ3ὲΐ7έῗ)πῖζιαζῖἒῖςβῖζῖἶ
1475 2631 1605 2719 ἶέτὲἷζ

928 2722 985 2756 Cf.
1004 2723 1051 2756 ad
1070 2734 1104 2767 p.
1125 2726 1238 2758 19413.

929 2767 1106 2846 14(ΙΞἿΟκαὶ,
1132 2768 1273 2803 πολλοῦ
1305 2768 1379 2802 δεῖ.
1418 2768 1474 2801 Cf.
1499 2768 1546 2801 ad
1568 2779 1605 2811 p.

1619 1241 1687 1275 158
