1748 2950
669 86 968 122 ΘΕΑῙΤΗΤΟΣ.
1453 83 1534 126 193

217 212 379 253 ΘΕΑΙ.
420 201 487 251 013
511 202 595 263 γὰρ
620 197 702 250 οὖν
728 202 783 262 δὴ
807 210 1026 262 φαίνεται.

218 281 317 321 ΣΩ.
357 270 538 319 Ουκοῦν
562 278 625 325 εἰς
643 269 806 318 ταυτὸν
832 273 1115 358 ἐμπέπτωκεν
1138 268 1165 329 ἡ
1191 267 1394 328 συλλαβὴ
1418 269 1536 323 εἶδος

115 345 295 404 ἐκείνω,
321 348 445 399 εἰπερ
470 341 580 399 μέρη
604 358 651 386 τε
674 339 734 399 μὴ
758 346 847 400 ἔχει
873 341 947 386 καὶ
971 344 1054 399 μία
1075 340 1196 386 ἐστὶν
1220 339 1341 394 ἰδέας

218 416 377 457 ΘΕΛΙ.
414 407 681 455 Παντάπασι
705 409 788 467 μὲν
811 428 906 454 ουν.

81 496 98 521 5
217 483 317 524 ΣΩ.
354 481 413 523 Εἰ
441 477 523 535 μὲν
554 495 639 535 αρα
665 475 807 523 πολλὰ
838 488 1031 535 στοιχεῖα
1064 474 1092 534 ἡ
1118 473 1320 534 συλλαβή
1346 476 1437 520 ἐστι
1461 475 1535 519 καὶ

114 542 220 591 ὅλον
243 564 304 603 τι,
329 546 439 604 μέρη
465 542 512 590 δ’
533 541 670 602 αὐτῆς
687 549 840 602 ταῦτα,
864 541 1025 603 ὁμοίως
1045 547 1155 590 αἵτε
1179 543 1400 601 συλλαβαὶ
1424 561 1536 600 γνω-

115 614 214 659 σταὶ
241 614 314 658 καὶ
352 614 480 672 ῥηταὶ
516 613 590 658 καὶ
625 611 679 657 τοὶ
713 623 931 672 στοιχεῖα,
968 615 1146 671 ἐπείπερ
1179 611 1231 658 τὰ
1256 609 1401 657 πάντα
1424 612 1537 670 μέρη

114 683 178 742 τῷ
200 679 289 742 ὅλῳ
312 678 475 726 ταύτὸν
501 679 655 738 ἐφάνη.

219 755 377 795 ΘΕΑΙ.
416 749 504 794 Καὶ
527 746 656 807 μάλα.
1559 759 1590 792 E

66 836 97 860 10
216 822 316 862 ΣΩ,
355 820 415 862 Εἰ
438 817 491 862 δέ
511 834 562 874 γε
586 818 637 862 ἕν
659 834 707 862 τε
730 818 804 862 καὶ
823 813 1004 876 ἀμερές,
1029 812 1190 875 ὁμοίως
1213 835 1296 874 μεν
1317 813 1537 874 συλλαβή,

116 881 325 937 ωσαύτως
368 884 415 929 δὲ
452 895 671 943 στοιχεῖον
707 882 871 942 ἄλογόν
903 904 951 931 τε
990 886 1063 930 καὶ
1098 881 1348 942 ἄγνωστον·
1389 882 1416 942 ἡ
1452 881 1536 942 γὰρ

116 949 226 1010 αὐτὴ
253 957 374 997 αἰτία
398 951 573 1011 ποιήσει
597 950 710 998 αὐτοὶ
732 955 925 999 τοιαῦτα.

219 1026 378 1067 ΘΕΑΙ.
419 1019 518 1067 Οὐκ
542 1025 626 1079 ἔχω
650 1018 794 1074 ἄλλως
820 1026 975 1067 εἰπεῖν.

217 1095 316 1135 ΣΩ.
369 1091 509 1134 Τοῦτο
545 1089 628 1148 μὲν
662 1088 747 1148 ἄρα
781 1089 841 1148 μὴ
873 1086 1218 1148 ἀποδεχώμεθα,
1257 1086 1306 1142 ὃς
1339 1085 1396 1134 α”ν
1432 1088 1538 1147 λέγῃ

67 1176 99 1201 15
117 1154 346 1214 συλλαβὴν
369 1156 451 1214 μὲν
475 1154 676 1214 γνωστὸν
694 1158 768 1202 καὶ
787 1156 936 1217 ῥητόν,
956 1167 1176 1216 στοιχεῖον
1194 1156 1244 1203 δε
1262 1154 1538 1203 τούναντίον.

222 1230 381 1270 ΘΕΑΙ.
420 1224 498 1283 Μὴ
524 1244 631 1285 γαρ,
658 1232 781 1285 εἴπερ
806 1228 866 1287 τῷ
892 1224 1008 1287 λόγῳ
1033 1224 1299 1284 πειθόμεθα.

218 1299 316 1338 Σῼ.
362 1297 418 1338 Τί
439 1291 482 1338 δ’
506 1294 587 1350 αὐ;
611 1291 875 1340 τούναντίον
893 1296 1097 1352 λέγοντος
1120 1287 1176 1354 ἇρ
1179 1292 1267 1339 ὀὐ
1291 1295 1459 1352 μᾶλλον
1483 1312 1540 1338 αν
1563 1306 1630 1338 206

116 1357 358 1414 ἀποδέξαιο
379 1363 421 1415 ἐξ
447 1380 511 1406 ων
535 1358 665 1415 αὐτὸς
689 1359 911 1408 σύνοισθα
944 1365 1092 1423 σαυτῷ
1126 1365 1175 1408 ἐν
1198 1365 1252 1421 τῆ
1284 1366 1376 1407 τῶν
1399 1380 1541 1421 γραμ-

117 1447 269 1487 ματων
291 1426 510 1487 μαθήσεις

0 1518 4 1545 t
66 1515 100 1541 20
221 1503 378 1543 ΘΕΑΙ.
423 1495 480 1543 Τὸ
505 1507 658 1554 ποῖον;

218 1571 318 1611 Σῼ.
358 1564 433 1618 Ὡς
457 1562 593 1612 οὐδὲν
616 1563 724 1611 ἄλλο
747 1564 996 1625 μανθάνων
1021 1568 1269 1619 διετέλεσας
1293 1563 1321 1625 ἢ
1345 1564 1398 1611 τὰ
1421 1579 1542 1611 στοι-

117 1643 213 1691 χεῖα
239 1637 289 1678 ἔν
320 1651 367 1678 τε
397 1635 451 1692 τῇ
484 1631 585 1688 ὄψει
619 1634 962 1692 διαγιγνώσκειν
993 1633 1266 1695 πειρώμενος
1297 1634 1371 1680 καὶ
1406 1635 1453 1680 ἐν
1485 1637 1540 1693 τῇ

872 1826 913 1858 16
936 1804 1163 1866 πειθόμεθα
1188 1824 1307 1859 ἓὶὶΔΠ
1323 1823 1433 1862 ΒΙι-Ιιη
1449 1774 1542 1856 ὁπεεῗῑ

465 1869 508 1899 22
531 1878 571 1901 τε
595 1868 678 1900 add.
696 1868 761 1901 11²⁸
787 1869 867 1910 (11³)
894 1874 931 1902 et
953 1869 1030 1902 cod.
1057 1869 1212 1903 Vindob.
1236 1869 1385 1912 quidam
1408 1869 1540 1910 Bastii,

212 1778 253 1808 15
276 1770 471 1819 ἄγνωστον
487 1778 518 1812 Q(
533 1778 666 1820 primo,
692 1778 758 1811 sed
782 1790 806 1811 α
830 1779 1021 1820 extritum,
1043 1772 1240 1830 ἄγνωστον
1259 1778 1350 1811 ΛΠ.

121 1821 199 1854 ΛΠ
217 1821 303 1862 de.
323 1832 403 1854 cum
421 1821 627 1863 Stephano,
652 1833 719 1855 om.
738 1832 772 1859 ς.

118 1861 270 1908 σόμεθα
293 1874 326 1901 ς.

119 1911 228 1953 ΒΙςΙι.,
247 1922 314 1944 om.
332 1920 364 1947 ς.

120 2035 228 2078 quid
251 2036 447 2078 simplex
473 2040 539 2069 est
565 2039 608 2069 et
627 2037 797 2070 indivi-

121 2081 276 2113 duum?
307 2082 387 2114 Non
406 2082 528 2124 agitur
545 2082 588 2114 de
609 2093 653 2114 ea
671 2093 796 2123 causa,

121 2136 186 2158 cur
202 2126 342 2169 aliquid
359 2127 408 2159 sit
430 2127 583 2177 simplex
608 2132 719 2170 atque
742 2129 796 2160 in-

121 2171 308 2203 dividuum
337 2169 461 2214 (αἰτία
490 2170 570 2205 τοῦ
598 2170 796 2215 μονοειδες

119 2234 163 2239 --
182 2212 313 2258 εἶναι),
334 2217 398 2249 sed
423 2228 488 2250 eur
511 2214 624 2259 λόγον
647 2229 691 2250 ac
715 2229 796 2262 pro-

119 2261 205 2293 inde
223 2262 415 2294 scientiam
433 2273 504 2295 non
528 2263 719 2304 admittat3
744 2265 797 2296 ni-

119 2307 249 2338 mirum
276 2309 307 2339 si
324 2307 411 2349 quid
429 2312 486 2340 est
507 2308 660 2350 simplex
683 2311 794 2351 atque

120 2351 365 2403 individuum,
383 2363 450 2385 nec
468 2352 610 2385 definiri
626 2364 694 2386 nec
711 2355 796 2386 sciri

122 2399 260 2447 potest,
293 2390 390 2450 αὕτη
414 2392 443 2450 ἡ
471 2395 577 2431 αἰτία
604 2397 669 2439 (sc.
694 2394 795 2432 διότι

122 2433 216 2474 αὖτό
259 2437 355 2475 καθ’
398 2437 492 2476 αὑτὸ
533 2440 695 2476 ἕκαστον
734 2443 794 2488 εἴη

124 2478 355 2539 ἀσύνθετον)
375 2481 517 2530 αλογόν
534 2499 574 2521 τε
590 2482 794 2531 2112&va-

122 2540 211 2564 στον
227 2525 321 2565 αὐτὸ
342 2535 459 2566 ποιοῖ.
464 2535 474 2552 ’
507 2534 792 2573 H.B0N1'rz1us,

122 2575 213 2618 spic.
231 2577 310 2612 crit.
328 2578 481 2611 Vindob.
500 2589 535 2621 p.
553 2581 608 2612 25.

179 2623 200 2653 2
234 2617 336 2660 εἶδος
369 2618 503 2657 ἐκείνω
539 2627 609 2659 ‘sc.
643 2623 694 2677 τῷ
724 2623 799 2658 τῶν

121 2661 278 2706 πρώτων
309 2666 424 2709 εἴδει,
464 2658 503 2709 ἔξ
536 2662 588 2703 ὦν
620 2666 668 2702 τοὶ
701 2664 798 2703 αλλα

125 2707 332 2764 σύγκειται.
338 2714 349 2731 ’
365 2713 506 2746 Hssnu).

170 2757 212 2789 10
235 2751 422 2800 ὁμοίωςμ
427 2754 469 2792 ὲν
485 2781 528 2786 -
546 2754 722 2799 ωσαύτως
740 2757 797 2793 δέ.

122 2801 278 2834 Phaedr.
299 2769 422 2835 27513*
426 2798 566 2846 ὁμοίως
587 2815 692 2849 παρα
716 2808 795 2844 τοῖς

191 2867 294 2891 PLAT.
313 2868 472 2894 THEAET.

867 2035 1087 2077 ἐπαΐουσιν,
1106 2031 1212 2089 ᾥςδ’
1233 2049 1355 2077 αυτως
1372 2031 1463 2080 παρ’
1484 2034 1543 2076 οἷς

866 2078 983 2117 οὐδὲν
990 2078 1195 2136 προσήκει.

914 2131 954 2161 14
977 2123 1019 2167 ὃς
1037 2141 1086 2162 αν
1103 2125 1192 2173 λέγῃ
1209 2129 1258 2164 ’.ιι
1274 2140 1304 2163 e.
1324 2125 1392 2162 ἐάν
1409 2141 1467 2168 τις
1485 2126 1540 2162 λε’-

866 2177 939 2218 γῃ)
963 2175 1234 2207 BUTTMANNUS.
1277 2173 1333 2207 Of.
1358 2175 1543 2208 Stallbau-

866 2220 959 2251 mins
978 2220 1023 2252 ad
1041 2219 1178 2254 Phaed.
1197 2220 1290 2252 6813.

911 2266 953 2297 18
969 2260 1195 2317 ἀποδέξαιο.
1228 2265 1284 2298 Cf.
1305 2265 1351 2298 ad
1373 2276 1409 2308 p.
1430 2264 1541 2298 1600.

910 2311 951 2342 21
971 2304 1085 2343 οὐδὲν
1104 2304 1207 2345 ἄλλο.
1239 2310 1296 2343 Of.
1314 2310 1361 2343 ad
1379 2322 1425 2363 p.
1425 2311 1541 2345 18913.

864 2356 919 2387 De
936 2365 1018 2407 rep.
1031 2356 1087 2388 III
1111 2356 1216 2388 402A
1230 2352 1375 2411 ,Ωισπερ
1399 2351 1474 2396 ἄρα
1498 2374 1542 2378 -

863 2396 1094 2451 γραμμάτων
1111 2397 1199 2451 πέρι
1223 2394 1307 2434 τότε
1333 2397 1473 2439 ἴκανῶς
1492 2400 1543 2434 εἴ·

864 2455 997 2498 χομεν,
1024 2456 1087 2479 οτε
1110 2441 1156 2478 τὰ
1182 2448 1354 2500 στοιχεῖα
1378 2442 1429 2501 μή
1452 2447 1543 2479 λαν-

864 2485 982 2524 θάνοι
1008 2485 1109 2534 ἡμᾶς
1128 2485 1239 2533 ὀλίγα
1258 2488 1352 2524 ὄντα
1378 2487 1418 2524 έν
1442 2485 1543 2524 ἅπα-

863 2544 925 2568 σιν
952 2532 1011 2574 οἷς
1035 2533 1112 2570 ἔστι
1141 2532 1328 2592 περιφερό
1362 2548 1446 2575 ενα,
1476 2535 1542 2569 καὶ

867 2575 950 2631 ο,υτ’
970 2575 1011 2614 ἐν
1034 2581 1177 2632 σμικρῷ
1207 2578 1295 2615 οὔτ’
1340 2593 1361 2614 ν
1391 2577 1543 2633 μεγάλω

868 2619 1098 2677 ἠτιμάζομεν
1119 2621 1234 2668 αὐτοί,
1253 2622 1302 2665 ὠς
1320 2622 1365 2660 οὐ
1383 2622 1466 2660 δέοι
1484 2617 1544 2659 ocl-

866 2667 1100 2714 σθένεσθαι,
1110 2667 1207 2705 ἀλλὰ
1215 2670 1417 2724 πανταχοῦ
1430 2682 1546 2723 πρου-

865 2698 1106 2768 θυμούμεθα
1144 2715 1455 2772 διαγιγνώσκειν,
1496 2711 1544 2756 ὦς

864 2771 910 2794 ov
927 2772 1114 2814 προτερον
1136 2757 1310 2804 ἐσόμενοι
1334 2773 1543 2806 γραμματι-

865 2804 925 2840 κοὶ
943 2805 1033 2851 πρὶν
1050 2817 1171 2846 ουτως
1188 2805 1354 2850 ἔχοιμεν.

1234 2865 1276 2898 13
