1748 2950
97 549 113 574 5

99 888 131 914 10

103 1227 133 1253 15

101 1568 134 1593 20

704 138 1005 176 ΘΕΑΙΤΗΤΟΣ.
1482 132 1565 175 201

147 264 211 308 ἔτι
234 266 327 319 εἴη;
365 263 406 306 εἰ
434 258 516 319 μὲν
538 255 623 316 γὰρ
648 254 949 316 προσδοξάσαι
981 255 1099 313 λε’γει
1130 246 1159 314 ᾗ
1186 254 1389 312 διαφέρει
1414 271 1455 298 τι
1478 253 1568 298 τῶν

147 327 310 387 ἄλλων,
335 326 455 374 πάνυ
477 330 628 385 γελοία
651 330 848 384 γίγνεται
873 322 899 382 ἡ
927 325 1130 378 ἐπίταξις.

250 397 575 450 ΘΕΑ1.Πῶς;

251 470 349 511 ΣΩ.
379 457 461 510 szv
491 460 637 521 ὀρθὴν
663 459 797 516 δόξαν
828 465 983 519 ἔχομεν
1008 453 1036 519 ᾖ
1060 463 1149 504 τῶν
1174 458 1324 503 ἄλλων
1349 458 1568 515 διαφέρει,

149 531 318 579 τούτων
335 536 609 591 προσλαβεῖν
628 528 798 576 κελεύει
817 527 928 587 ἡμᾶς
946 525 1092 586 ὀρθὴν
1113 518 1295 581 δόξαν
1265 544 1294 585 ῃ
1312 544 1403 571 των
1420 522 1570 570 ἄλλων

151 602 363 659 διαφέρει.
401 600 474 645 καὶ
500 599 641 652 οὕτως
665 596 692 656 ἡ
717 617 800 657 μεν
824 595 1042 654 σκυτάλης
1077 592 1102 654 ἢ
1126 594 1296 654 ὑπέρου
1330 592 1357 651 ἢ
1383 591 1488 640 ὅτου
1515 591 1622 703 δὴΕ

148 670 319 726 λέγεται
344 665 585 727 περιτροπὴ
610 665 718 726 πρὸς
744 663 911 723 ταύτην
933 664 1015 722 τὴν
1041 665 1236 718 ἐπίταξιν
1259 659 1437 708 οὐδὲν
1419 680 1476 707 αν
1501 662 1566 706 λε’

147 755 241 795 γοι,
273 738 444 794 τυφλοῦ
478 735 528 781 δὲ
552 736 873 793 παρακέλευσις
906 731 962 778 ἂν
986 738 1162 778 καλοῖτο
1190 729 1487 789 δικαιότερον
1524 726 1572 774 τὸ

147 803 256 863 γάρ,
282 803 310 850 ὁὶ
334 809 513 863 ἔχομεν,
538 805 675 850 ταῦτα
699 805 973 861 προσλαβεῖν
1006 797 1220 858 κελεύειν,
1255 801 1333 845 ἵνα
1356 797 1573 858 μάθωμεν

149 870 176 917 ἃ
203 870 460 931 δοξάζομεν,
486 870 607 917 πάνυ
631 873 848 928 γενναίως
875 873 1017 915 ἔοικεν
1044 868 1343 929 ἐσκοτωμένῳ.

252 946 410 987 ΘΕΑΙ.
448 939 561 985 Εἰπὲ
587 937 666 997 δή,
690 942 736 984 τί
755 940 841 984 νῦν
867 936 922 996 δὴ
947 933 1005 990 ὦς
1031 938 1147 996 ἐρῶν
1172 934 1371 990 ἐπύθου;

252 1014 350 1054 ΣΩ.
388 1012 448 1054 Εἰ
468 1005 516 1053 τὸ
540 1006 688 1065 λόγον,
715 1001 748 1052 ὦ
773 1017 876 1064 παῖ,
896 1010 1168 1066 προσλαβεῖν
1191 1007 1361 1063 γνῶναι
1385 1001 1571 1059 κελεύει,

149 1073 260 1122 ἀλλά
283 1073 342 1134 μὴ
368 1073 550 1130 δοξάσαι
582 1075 662 1132 τὴν
689 1073 1010 1134 διαφορότητα,
1043 1071 1130 1132 ἡδὺ
1161 1069 1292 1132 χρῆμ’
1319 1091 1376 1118 αν
1400 1078 1469 1130 εἴη
1495 1072 1574 1117 τοῦ

153 1148 391 1190 καλλίστου
413 1146 504 1189 τῶν
528 1145 628 1202 περὶ
657 1141 893 1201 ἐπιστήμης
917 1140 1065 1200 λόγου.
1102 1140 1150 1187 τὸ
1175 1138 1258 1199 γάρ
1284 1142 1452 1199 γνῶναι
1479 1141 1573 1185 ε’πι-

151 1211 321 1271 στήμην
345 1229 431 1258 που
457 1216 613 1269 λαβεῖν
639 1213 767 1257 ἐστιν.
805 1213 832 1269 ἡ
858 1208 967 1270 γάρ;

255 1286 415 1326 ΟΕΑΙ.
454 1284 558 1325 Ναί.

255 1354 351 1394 ΣΩ.
395 1346 575 1394 Οὐκοῦν
601 1349 862 1405 ἐρωτηθείς,
889 1344 949 1400 ὥς
975 1350 1104 1403 ἔοικε,
1128 1351 1174 1391 τί
1197 1347 1316 1391 ἐστιν
1341 1343 1573 1404 ἐπιστήμη,

151 1412 454 1475 ἀποκρινεῖται
477 1413 543 1461 ὅτι
569 1414 674 1470 δόξα
706 1413 822 1474 ὀρθὴ
846 1412 954 1473 μετὰ
980 1412 1217 1472 ἐπιστήμης
1243 1411 1572 1474 διαφορότητος.

153 1482 286 1542 λόγου
310 1483 394 1543 γὰρ
418 1481 666 1542 πρόσληψις
691 1482 813 1529 τοῦτ’
843 1479 899 1529 ἂν
924 1489 992 1541 εἴη
1016 1479 1114 1528 κατ’
1143 1483 1325 1528 ἐκεῖνον.

256 1558 414 1598 ΘΕΑΙ.
442 1549 597 1598 ”anm

242 1675 262 1705 2
280 1667 464 1715 άπόταξις
482 1673 643 1709 ἩΔΠΙΕ.
781 1674 801 1706 5
824 1669 972 1707 κελεύει
995 1669 1097 1718 ἡμᾶς
1123 1672 1367 1716 QAHBklc„
1387 1669 1494 1729 ἡμᾶς
1517 1684 1575 1707 κε-

153 1713 328 1754 λεύει*ς.
439 1720 477 1750 11
504 1715 618 1763 Εἰπὲ]
639 1716 675 1752 εἰ
691 1714 802 1752 δεΛθ
820 1716 873 1761 (εἰ
890 1718 1034 1761 δεΔ’),
1059 1719 1115 1764 affy
1121 1719 1261 1771 siun.
1358 1699 1396 1753 εἰ
1412 1716 1455 1752 δέ
1472 1730 1575 1762 γε-

152 1759 200 1802 ὡς
219 1760 346 1806 ἕτερον
364 1761 517 1798 ὑπέθου
533 1765 763 1807 Badhamus,
782 1764 914 1798 Philol.
933 1765 966 1796 X
992 1776 1024 1808 p.
1044 1767 1126 1820 729,
1152 1763 1200 1798 Τί
1216 1755 1287 1799 οὖν
1304 1760 1374 1809 δής
1400 1763 1440 1798 εἴ
1457 1775 1499 1808 γε
1525 1760 1576 1807 δή

153 1820 189 1841 τι
208 1809 304 1841 coni.
325 1809 395 1851 Cpl.
497 1811 539 1842 14
556 1790 765 1853 ἐπιστήμης
782 1810 901 1845 &An
918 1810 1007 1843 Bklc.
1014 1804 1254 1854 ,ἐπιστήμην
1271 1819 1302 1847 ς

201 1912 217 1942 1
237 1906 509 1952 προσδοξάσαι
537 1910 609 1942 ‘Ad
629 1907 730 1963 λέγει
744 1912 829 1944 sub-

158 1955 367 1988 audiendus
391 1959 448 1988 est
473 1966 518 1988 ex
541 1957 702 1998 proxime
726 1966 830 1999 prae-

154 2001 290 2051 gressis
306 2001 428 2033 verbis
443 2002 690 2034 nominativus
704 2000 829 2052 τοῦτο,

153 2040 195 2078 τὸ
227 2045 461 2088 προσλαβεῖν
495 2043 608 2089 λόγον
645 2045 688 2089 τῇ
728 2026 829 2089 ὀρθῇ

154 2085 274 2134 δόξῃ]
298 2091 436 2125 ΗΕιΝι),

199 2137 218 2167 6
248 2133 414 2179 σκυτάλη
436 2139 491 2169 est
513 2146 630 2178 genus
648 2137 827 2179 epistula—

154 2191 250 2222 rum,
274 2191 344 2223 quo
367 2181 652 2214 Lacedaemonii
675 2183 828 2215 uteban-

154 2229 225 2258 tur.
282 2228 443 2267 Quorum
475 2227 715 2269 magistratus
748 2238 828 2260 cum

155 2271 339 2304 occultare
356 2276 393 2305 et
408 2272 639 2304 dissimulare
652 2272 828 2306 volebant

155 2316 303 2349 litteras
332 2317 378 2348 ad
406 2317 649 2360 imperatores
681 2318 827 2359 publice

153 2362 296 2403 missas,
314 2361 447 2395 circum
471 2362 654 2395 surculum
675 2366 828 2396 teretem

156 2410 194 2439 et
218 2407 414 2450 oblongum
439 2408 556 2440 lorum
579 2407 745 2441 modicae
774 2411 827 2441 te-

154 2453 318 2493 nuitatis,
335 2453 483 2495 longum
501 2455 634 2493 tamen,
655 2457 828 2496 quantum

155 2497 209 2529 rei
227 2498 318 2530 satis
342 2502 436 2540 erat,
460 2498 743 2540 complicabant.
783 2499 827 2532 In

157 2552 199 2574 eo
226 2541 371 2576 litteras
395 2553 459 2585 per
486 2546 717 2576 transversas
747 2544 827 2576 iun-

158 2589 341 2620 cturarum
359 2598 443 2620 oras
459 2589 629 2622 versibus
652 2599 671 2620 a
690 2599 826 2622 summo

156 2631 204 2663 ad
226 2631 334 2664 imum
357 2633 673 2676 proficiscentibus
696 2634 823 2666 inseri-

155 2677 304 2711 bebant.
345 2678 389 2711 Id
411 2678 527 2712 lorum
551 2679 758 2712 revolutum
783 2690 827 2712 ex

157 2721 301 2754 surculo
314 2723 508 2756 mittebant
521 2725 747 2767 imperatori,
767 2725 827 2767 qui

154 2766 270 2799 lorum
289 2768 433 2800 surculo
449 2770 622 2812 compari,
641 2780 748 2812 quem
763 2770 827 2802 ha-

154 2811 286 2852 bebat,
310 2812 612 2855 circumplicabat
636 2819 748 2858 atque
773 2816 827 2847 ita

155 2856 304 2899 legebat
325 2858 531 2900 epistulam.
573 2859 627 2892 Cf.
647 2860 760 2893 schol.
780 2860 827 2892 ad

899 1912 1050 1945 'Phuc.1
1077 1914 1152 1954 131,
1175 1914 1205 1944 1.
1238 1912 1331 1946 Gen.
1357 1923 1392 1945 n.
1410 1914 1449 1944 A.
1469 1912 1575 1946 XVII

934 1997 1088 2055 υπέρου
1136 1998 1345 2054 περιτροπὴ
1393 1997 1457 2036 ἐπὶ
1502 2002 1576 2036 τῶν

899 2042 946 2079 τὰ
964 2043 1063 2081 αυτοὶ
1079 2044 1296 2082 ποιούντων
1309 2042 1494 2087 πολλάκις
1508 2046 1575 2082 καὶ

897 2089 1022 2147 μηδὲν
1047 2086 1257 2145 ἀνυόντων,
1275 2087 1300 2136 ἢ
1321 2088 1384 2127 ἐπὶ
1407 2093 1484 2127 τῶν
1509 2104 1576 2127 τα-

898 2149 1010 2192 χεως,
1021 2150 1056 2171 τι
1085 2134 1342 2194 πραττόντων.
1384 2136 1576 2194 μέμνηται

899 2180 941 2216 δε
960 2177 1082 2227 αὐτῆς
1099 2178 1315 2238 Φιλημων’
1298 2195 1338 2218 εν
1346 2178 1490 2227 Ήρωσι
1508 2183 1574 2218 καὶ

898 2224 1074 2262 ἐνταῦθα
1107 2229 1283 2263 Πλατων.
1332 2230 1443 2264 schol.
1470 2231 1512 2264 R.
1539 2231 1575 2264 S.

899 2273 956 2306 Cf.
976 2274 1279 2309 Schneidewinus
1303 2276 1350 2308 ad.
1368 2277 1504 2309 Zenob.
1523 2277 1575 2310 VI

898 2321 952 2353 25.

942 2367 961 2398 7
990 2353 1106 2398 ουδεν
1129 2358 1178 2398 ἂν
1209 2363 1330 2409 λέγοι,
1357 2366 1496 2398 ‘nihil
1521 2366 1575 2399 ad

895 2409 1027 2442 illam
1065 2410 1275 2444 valeati.
1308 2422 1339 2444 e.
1372 2412 1576 2454 comparari

897 2466 978 2488 cum
990 2455 1059 2488 hac
1068 2451 1241 2497 ἐπιτάξει
1251 2467 1323 2489 non
1338 2458 1467 2500 possit,
1479 2467 1573 2500 quae

895 2501 1009 2534 multo
1034 2502 1146 2534 etiam
1176 2502 1370 2535 absurdior
1400 2503 1514 2535 fuerit
1538 2506 1575 2535 et

896 2546 1089 2579 inutilior)
1114 2547 1255 2580 Hmnn.

943 2594 982 2623 11
1001 2590 1041 2624 τί
1054 2591 1126 2625 νῦν
1147 2587 1195 2645 δὴ
1215 2611 1258 2615 -
1276 2588 1448 2634 ἐπύθου,
1474 2597 1576 2626 ‘ver-

897 2636 952 2669 bis
969 2636 1042 2668 illis
1060 2632 1102 2670 τὸ
1121 2628 1194 2670 οὖν
1209 2637 1443 2694 προσλαβεῖν
1462 2633 1574 2682 λόγον

896 2681 942 2724 τῇ
975 2675 1075 2725 ὀρθῇ
1110 2677 1206 2727 δόξῃ
1238 2683 1277 2716 τί
1308 2695 1355 2716 αν
1390 2681 1445 2717 ε”τι
1479 2684 1572 2727 εἴςή

896 2727 1036 2761 ΗΕῙΝΙ).

944 2773 985 2804 13
1002 2766 1078 2823 ὴδύ
1096 2771 1234 2816 χρῆμα.
1261 2773 1316 2806 Cf.
1338 2774 1384 2806 ad
1403 2785 1443 2826 p.
1459 2775 1573 2807 1570.

945 2818 985 2850 18
1019 2810 1284 2870 ἀποκρινεῖται
1318 2822 1393 2854 ‘.sc
1427 2813 1446 2853 ὁ
1486 2819 1574 2862 περὶ

897 2855 1106 2905 ἐπιστήμης
1125 2857 1262 2907 λόγος)
1280 2864 1420 2900 HmND.

1598 1219 1664 1250 210
