1716 2970
687 111 988 147 eEA1THT02.
1499 110 1553 153 ῃ

127 239 278 279 λυσεν.
328 233 418 291 εἰμὶ
443 229 499 289 δὴ
522 223 606 277 οὖν
629 226 761 283 αὐτὸς
783 229 866 288 μὲν
890 226 945 274 οὐ
966 226 1087 275 πάνυ
1111 246 1177 282 τις
1202 226 1363 287 σοφός,
1387 225 1498 274 οὐδέ
1511 232 1559 274 τί
1572 244 1640 278 150

127 320 201 360 μοι
226 305 346 346 ἔστιν
372 298 542 358 εὕρημα
571 301 765 355 τοιοῦτο,
800 294 982 355 γεγονὸς
1014 298 1091 354 τῆς
1117 298 1221 354 ἐμῆς
1253 298 1397 355 ψυχῆς
1429 301 1554 355 ἔκγο-
1569 306 1604 340 D

127 380 229 416 vov·
262 371 309 414 οἱ
337 364 380 413 δ’
415 368 510 425 ἐμοὶ
542 364 881 425 ξυγγιγνόμενοι
911 364 960 411 τὸ
991 364 1074 423 μὲν
1103 367 1282 423 πρῶτον
1314 370 1554 422 φαίνονται

128 442 240 483 ἔνιοι
270 436 354 494 μὲν
386 435 461 480 καὶ
493 433 614 480 πάνυ
650 431 865 492 ἀμαθεῖς,
908 431 1072 486 πάντες
1115 433 1165 478 δὲ
1206 431 1451 492 προϊούσης
1474 436 1554 490 τῆς

90 520 110 547 5
127 507 386 561 ξυνουσίας,
427 500 582 560 οἷσπερ
614 498 671 548 ἂν
703 499 726 548 ὁ
758 500 867 555 θεὸς
897 506 1111 559 παρείκῃ,
1149 498 1414 559 θαυμαστὸν
1444 497 1555 546 ὅσον

128 570 416 628 ἐπιδιδόντες,
436 567 495 624 ὦς
512 567 664 624 αὐτοῖς
681 588 729 615 τε
748 571 823 616 καὶ
840 579 932 623 τοῖς
951 567 1100 622 ἄλλοις
1117 572 1315 627 δοκοῦσι,
1332 569 1406 614 καὶ
1424 572 1555 614 τοῦτο

128 636 356 700 ἐναργὲς”
329 657 397 685 οτι
413 636 520 696 παρ’
549 641 656 697 ἐμοῦ
677 635 815 684 οὐδὲν
833 637 1012 683 πώποτε
1037 635 1273 696 μαθόντες,
1298 633 1399 682 ἀλλ’
1426 633 1555 682 αὐτοὶ

125 705 232 767 παρ’
255 705 405 753 αὑτῶν
422 706 562 753 πολλα
580 708 655 752 καὶ
672 705 785 751 καλὰ
807 723 1012 765 ευροντες
1021 723 1069 751 τε
1093 706 1167 750 καὶ
1179 723 1450 764 κατεχοντες
1476 707 1555 763 τῆς

124 777 275 834 με’ντοι
287 780 459 834 μαιείας
470 773 493 820 ὁ
506 773 612 827 θεός
624 793 671 820 τε
683 776 758 820 καὶ
774 773 858 832 ἐγὼ
873 780 1064 837 αἶτιο9(
1043 758 1139 819 ωδε
1153 773 1202 819 δὲ
1216 777 1376 831 δῆλον·
1397 773 1554 818 πολλοὶ

75 859 108 885 10
125 841 214 901 ἤδη
244 846 374 889 τοῦτο
413 840 710 900 ἀγνοήσαντες
742 843 815 887 καὶ
852 839 1039 894 ἑαυτοὺς
1071 840 1400 899 αἰτιασάμενοι,
1444 844 1552 899 ἐμοῦ
1568 854 1599 887 Ε

128 912 178 956 δὲ
208 910 647 970 καταφρονήσαντες,
686 907 714 967 ἢ
749 906 873 955 αὐτοὶ
915 906 942 967 ἢ
978 907 1060 954 ὑπ’
1094 907 1244 955 ἄλλων
1275 909 1553 967 πεισθέντες,

125 976 334 1037 ἀπῆλθον
365 983 661 1037 πρωιαίτερον
689 981 770 1023 τοῦ
806 979 1005 1035 δέοντος,
1042 974 1320 1031 ἀπελθόντες
1353 976 1404 1022 δὲ
1429 974 1482 1022 τά
1505 994 1554 1022 τε

126 1044 258 1092 λοιποὶ
299 1046 587 1104 ἐξήμβλωσαν
629 1044 703 1091 διὰ
744 1043 946 1104 πονηρὰν
987 1047 1233 1100 ξυνουσίαν
1273 1045 1347 1090 καὶ
1384 1042 1438 1090 τᾶ
1469 1042 1552 1090 ὑπ’

126 1116 233 1172 ἐμοῦ
256 1116 530 1173 μαιευθέντα
560 1116 705 1167 κακῶς
735 1115 974 1172 τρέφοντες
1005 1110 1265 1170 ἀπώλεσαν,
1300 1116 1447 1171 ψευδῆ
1479 1114 1554 1158 καὶ

75 1195 108 1222 15
128 1186 291 1228 εἴδωλα
323 1184 425 1241 περὶ
465 1187 671 1234 πλείονος
707 1181 996 1239 ποιησάμενοι
1029 1185 1108 1227 τοῦ
1139 1178 1364 1239 ἀληθοῦς,
1404 1187 1554 1226 τελευ-

126 1252 287 1302 τῶντες
313 1247 355 1295 δ’
383 1248 535 1302 αὐτοῖς
558 1267 607 1294 τε
631 1251 705 1294 καὶ
735 1260 827 1303 τοῖς
851 1247 999 1302 ἄλλοις
1025 1253 1184 1304 ἔδοξαν
1208 1246 1399 1308 ἀμαθεῖς
1423 1248 1551 1295 εἶναι.

219 1394 237 1424 1
261 1404 319 1431 τις
342 1391 465 1428 ἩΔΠ
484 1393 600 1434 Hrm„
626 1404 661 1425 τι
686 1400 718 1428 ς.
823 1395 843 1425 3
862 1386 900 1425 δ’
931 1387 1014 1434 ἐμοὶ
1038 1393 1110 1427 &A
1133 1392 1242 1434 Bkk.,
1266 1389 1311 1426 δέ
1333 1394 1466 1434 μοι*ς,

124 1439 147 1470 4
164 1432 290 1471 ἐνίὸτε
313 1438 362 1477 21,
387 1433 510 1470 ἐνίοτε
528 1437 654 1471 AH¹⁰.
749 1440 769 1471 5
788 1437 970 1491 παρείκοι
993 1439 1022 1470 E
1038 1446 1072 1473 5.
1181 1439 1202 1471 8
1226 1417 1466 1492 κατέχοντες]
1493 1448 1554 1471 τε-

125 1477 343 1521 κόντεςΙΡ
356 1484 374 1519 b
393 1483 549 1516 Schanz.
566 1483 590 1515 l.
608 1483 630 1514 l.
648 1493 683 1525 p.
702 1484 762 1524 29,
781 1477 934 1521 εκόντες
952 1483 1020 1516 11²0·
1025 1510 1032 1516 .
1064 1484 1241 1515 Fortasse
1261 1480 1412 1536 ἔχοντες
1427 1483 1554 1536 legen-

126 1527 210 1560 dum
235 1531 302 1562 est.
413 1530 454 1560 10
486 1521 564 1571 ἤδη
541 1521 619 1571 ηῆ
646 1526 759 1561 τοῦτο
782 1528 1152 1561 Schleiermacherus.
1263 1530 1303 1560 11
1333 1521 1356 1571 ἢ
1387 1523 1499 1561 αυτοὶ
1527 1520 1554 1571 ἢ

122 1572 310 1605 Heusdius
318 1583 370 1625 p
380 1574 424 1606 30
443 1577 479 1605 et
496 1573 602 1614 de.‚
628 1566 783 1606 enitet*
757 1585 781 1616 η
799 1573 875 1616 Pb,
902 1565 927 1616 ἢ
945 1569 1058 1606 αυτοὶ
1075 1573 1166 1607 Blelc.
1185 1584 1266 1606 cum
1289 1575 1425 1606 ceteris
1446 1573 1553 1607 libris

123 1621 200 1650 et*
177 1637 216 1660 υ,
238 1612 260 1661 ἢ
279 1613 373 1651 αὐτὰ
391 1619 469 1651 Ast.
487 1619 579 1650 coni.

123 1752 270 1782 nomen,
298 1742 394 1784 quod
411 1742 518 1774 Plato
540 1753 614 1774 non
637 1741 800 1782 tradidit,

124 1787 327 1839 anquirere
364 1787 533 1827 student,
587 1788 803 1830 praesertim

918 1743 937 1774 7
952 1737 1108 1785 ἐναργες
1122 1736 1181 1775 ὅτι
1190 1742 1317 1775 eodem
1331 1742 1437 1775 modo
1448 1752 1554 1775 usur-

872 1790 1000 1829 patum
1018 1798 1099 1820 esse
1114 1787 1234 1830 liquet
1251 1798 1321 1830 quo
1340 1781 1489 1830 δῆλον
1476 1782 1549 1821 ότι.

124 1841 205 1863 cum
220 1827 241 1864 ὁ
258 1825 354 1870 θεὸς
378 1833 490 1864 etiam
513 1832 605 1865 alias
628 1833 682 1864 ita
706 1833 803 1874 posi-

124 1879 201 1908 tum
227 1876 455 1917 inveniatur,
486 1881 528 1909 ut
560 1888 667 1919 quem
695 1877 803 1909 deum

126 1920 366 1963 philosophus
380 1921 643 1973 significaverit
654 1924 713 1954 vix
728 1922 802 1954 dici

125 1966 255 2020 possit.
283 1965 339 1998 Cf.
359 1966 454 2008 apol
474 1960 672 2009 19Αομως
689 1966 801 1999 τοῦτο

124 2021 194 2054 μεν
213 2003 325 2044 ew*
303 2021 380 2062 οπῃ
396 2010 447 2055 τῷ
465 2010 546 2055 θεῷ
565 2011 697 2053 φίλον,
714 2011 804 2043 ibid.

124 2056 209 2089 35D
233 2053 300 2088 καὶ
323 2051 416 2098 ὑμῖν
425 2047 629 2097 ἐπιτρέπω
656 2054 722 2089 καὶ
751 2055 802 2102 τῷ

123 2099 207 2145 θεῷ
230 2103 358 2143 κρῖναι
391 2099 478 2144 περὶ
503 2096 612 2144 ἐμοῦ,
643 2101 734 2134 ibid.
758 2090 802 2133 4¹2

124 2136 271 2188 αδηλον
299 2145 417 2179 παντὶ
444 2135 545 2189 πλὴν
574 2127 612 2189 ἢ
625 2145 676 2192 τῷ
708 2145 802 2200 θεῷ.

125 2192 208 2223 Ηιιο
225 2191 455 2224 referendum
479 2192 590 2224 etiam
613 2181 708 2224 illud
732 2187 802 2225 ε’ἀν

124 2230 220 2274 θεὸς
235 2234 346 2287 θέλῃ.

173 2284 188 2313 1
220 2276 344 2315 (πάνυ
372 2292 429 2319 τις
454 2276 572 2324 σοφὸς
601 2282 694 2314 satis
721 2284 801 2315 tue-

122 2326 260 2358 buntur
276 2326 443 2369 exempla
459 2328 505 2359 ab
522 2328 628 2360 Astio
652 2327 699 2359 ad
715 2328 802 2359 Pro-

124 2374 201 2413 tag.
220 2372 325 2404 340D
350 2371 486 2404 collata
508 2373 613 2424 imgr.
643 2372 800 2405 Phaedr.

124 2417 190 2449 228
201 2416 227 2447 Β
248 2413 283 2449 εἰ
297 2411 348 2459 ιιὴ
366 2411 471 2450 πάνυ
487 2429 545 2456 τις
562 2428 611 2460 ην
625 2412 801 2459 μακρός]

125 2460 165 2495 C.
183 2461 227 2511 F:
245 2462 497 2496 HERMANNUS.

170 2507 191 2539 5
207 2501 227 2539 ὁ
247 2500 353 2545 θεός.
385 2508 526 2540 Auctor
537 2507 714 2549 Theagis‚
740 2507 803 2549 qui

123 2549 221 2583 hunc
250 2552 371 2584 locum
400 2553 567 2584 imitatus
598 2556 673 2593 est,
705 2552 802 2584 hunc

127 2595 234 2627 deum
257 2596 422 2629 Socratis
455 2607 536 2630 esse
570 2597 802 2629 daemonium

126 2640 330 2674 arbitratus
359 2645 428 2675 est.
470 2642 576 2684 Quod
604 2652 712 2684 quam
740 2643 802 2674 ab—

126 2685 273 2717 surdum
291 2687 357 2726 sit,
383 2686 740 2721 Schleiermacherus
765 2687 802 2720 11

127 2731 147 2762 3
164 2740 200 2772 p.
218 2731 286 2763 254
301 2741 356 2773 sq.
374 2731 431 2766 ed.
448 2733 479 2767 2.
499 2733 672 2767 ostendit.

172 2775 192 2806 6
215 2773 435 2814 καὶτοῦτο,
460 2780 505 2809 et
532 2777 577 2809 id
601 2777 799 2820 quidem,

127 2829 397 2862 quamquam.
421 2821 605 2855 Matthiae
622 2824 642 2862 §
658 2824 736 2858 470.
753 2824 786 2857 6.

873 1833 994 1873 Quare
1014 1843 1095 1865 cum
1113 1832 1153 1865 C.
1171 1833 1212 1867 F.
1230 1833 1442 1865 Hermanno
1458 1843 1553 1865 com-

871 1888 930 1910 ma
960 1878 1083 1910 delevi
1114 1878 1212 1911 inter
1241 1874 1398 1921 ἐναργες
1429 1882 1467 1911 et
1490 1889 1552 1912 οτι

871 1923 1042 1965 positum.

917 1980 938 2011 8
962 1974 1137 2020 εὑρόντες
1160 1989 1201 2011 τε
1223 1976 1290 2012 καὶ
1312 1975 1551 2031 κατέχοντες.

871 2023 913 2055 Ρ.
933 2025 1037 2056 164D
1055 2018 1195 2064 μαθὼν
1212 2021 1279 2056 καὶ
1295 2022 1549 2076 μεμνημένος.

873 2078 974 2146 {5231
980 2068 1250 2156 άὶῖὃέῗεδςῆλον
1273 2065 1347 2113 γὰρ
1364 2080 1425 2102 οτι
1442 2060 1552 2112 εὗρες

919 2183 960 2214 10
977 2191 1139 2219 εαυτους
1162 2178 1431 2224 αἰτιασάμενοι
1455 2182 1551 2223 urz„

871 2237 908 2259 se
927 2227 1028 2270 ipsos
1045 2230 1215 2259 auctores
1232 2226 1333 2259 illius
1347 2226 1553 2270 sapientiae

870 2271 1148 2314 praedicantes,
1169 2282 1278 2313 quam
1295 2271 1550 2315 colloquentes

872 2327 954 2348 cum
970 2317 1121 2350 Socrate
1139 2317 1269 2359 adepti
1286 2322 1402 2355 erant,
1421 2317 1551 2350 Socra-

870 2366 945 2394 tem
968 2366 1091 2395 autem
1114 2362 1233 2404 ipsum
1257 2365 1549 2403 contemnentes,

870 2407 1038 2439 nimirum
1056 2418 1152 2450 quae
1169 2408 1286 2450 ipsius
1304 2408 1356 2440 sit
1371 2417 1432 2440 ars
1449 2408 1552 2450 igno-

867 2456 1005 2488 rantes.

917 2510 957 2540 11
981 2502 1004 2552 ἢ
1035 2501 1146 2542 αὐτοὶ
1174 2500 1199 2551 ἢ
1216 2501 1283 2542 υπ’
1313 2501 1439 2542 ἄλλων
1466 2519 1552 2542 πει-

870 2550 1043 2592 σθέντες.
1058 2554 1102 2588 L.
1111 2554 1306 2587 Dissenius
1324 2552 1390 2596 (kl.
1399 2554 1549 2587 Schrift.

870 2609 907 2640 p.
924 2600 990 2632 206
1009 2609 1062 2641 sq
1066 2598 1078 2640 )
1097 2600 1254 2651 probata
1270 2599 1474 2632 Heindorfii
1491 2609 1552 2630 ra-

870 2644 972 2675 tione
990 2643 1103 2677 τοῦτο
1120 2638 1381 2688 ἀγνοήσαντες
1404 2654 1478 2676 non
1501 2643 1551 2675 ad

872 2688 1131 2721 dichotomiam
1145 2690 1330 2732 pertinere
1345 2692 1480 2731 putans
1497 2688 1553 2720 lo-

873 2744 954 2765 cum
987 2735 1041 2767 sic
1079 2735 1361 2776 interpretatur:
1412 2733 1443 2764 V
1450 2735 1551 2774 iele,

871 2780 1007 2811 indem
1029 2781 1092 2812 sie
1116 2781 1260 2812 dieses
1284 2779 1397 2811 nicht
1424 2789 1552 2811 wuss·

873 2829 956 2862 ten,
981 2826 1064 2857 und
1086 2825 1305 2857 entweder
1336 2834 1410 2856 aus
1434 2826 1550 2867 εἰρε-
