<?xml version="1.0" encoding="UTF-8"?>
<!DOCTYPE html PUBLIC "-//W3C//DTD XHTML 1.0 Transitional//EN"
    "http://www.w3.org/TR/xhtml1/DTD/xhtml1-transitional.dtd">
<html xmlns="http://www.w3.org/1999/xhtml" xml:lang="en" lang="en">
 <head>
  <title>
</title>
<meta http-equiv="Content-Type" content="text/html;charset=utf-8" />
  <meta name='ocr-system' content='tesseract 3.04.00' />
  <meta name='ocr-capabilities' content='ocr_page ocr_carea ocr_par ocr_line ocrx_word'/>
</head>
<body>
  <div class='ocr_page' id='page_1' title='image "./operaomniarecens08platuoft_0036.png"; bbox 0 0 1716 2970; ppageno 0'>
   <div class='ocr_carea' id='block_1_1' title="bbox 166 63 1060 114">
    <p class='ocr_par' dir='ltr' id='par_1_1' title="bbox 166 63 1060 114">
     <span class='ocr_line' id='line_1_1' title="bbox 166 63 1060 114; baseline -0.002 0"><span class='ocrx_word' id='word_1_1' title='bbox 166 70 224 114; x_wconf 81' lang='lat'>24</span> <span class='ocrx_word' id='word_1_2' title='bbox 318 63 322 67; x_wconf 82' lang='grc'><strong>’</strong></span> <span class='ocrx_word' id='word_1_3' title='bbox 374 82 382 88; x_wconf 84' lang='grc'><em>·</em></span> <span class='ocrx_word' id='word_1_4' title='bbox 687 76 1060 112; x_wconf 70' lang='grc' dir='ltr'><strong>ΡΒοιΕοοΜΕΝΑ.</strong></span> 
     </span>
    </p>
   </div>
   <div class='ocr_carea' id='block_1_2' title="bbox 167 184 1575 1182">
    <p class='ocr_par' dir='ltr' id='par_1_2' title="bbox 167 184 1575 459">
     <span class='ocr_line' id='line_1_2' title="bbox 167 184 1575 245; baseline 0.009 -22"><span class='ocrx_word' id='word_1_5' title='bbox 167 195 246 224; x_wconf 88' lang='lat' dir='ltr'>non</span> <span class='ocrx_word' id='word_1_6' title='bbox 279 184 469 237; x_wconf 82' lang='lat' dir='ltr'>capitibus</span> <span class='ocrx_word' id='word_1_7' title='bbox 496 185 640 227; x_wconf 86' lang='lat' dir='ltr'>tulisse.</span> <span class='ocrx_word' id='word_1_8' title='bbox 689 187 783 228; x_wconf 88' lang='lat' dir='ltr'>Inde</span> <span class='ocrx_word' id='word_1_9' title='bbox 813 200 890 228; x_wconf 91' lang='lat' dir='ltr'>non</span> <span class='ocrx_word' id='word_1_10' title='bbox 920 190 1060 229; x_wconf 88' lang='lat' dir='ltr'>mirum</span> <span class='ocrx_word' id='word_1_11' title='bbox 1092 196 1167 238; x_wconf 89' lang='lat' dir='ltr'>est,</span> <span class='ocrx_word' id='word_1_12' title='bbox 1204 192 1306 244; x_wconf 90' lang='lat' dir='ltr'>quod</span> <span class='ocrx_word' id='word_1_13' title='bbox 1344 204 1483 245; x_wconf 78' lang='lat' dir='ltr'>magna</span> <span class='ocrx_word' id='word_1_14' title='bbox 1510 196 1575 235; x_wconf 69' lang='lat' dir='ltr'>sui</span> 
     </span>
     <span class='ocr_line' id='line_1_3' title="bbox 168 239 1572 295; baseline 0.009 -17"><span class='ocrx_word' id='word_1_15' title='bbox 168 239 309 280; x_wconf 84' lang='lat' dir='ltr'>fiducia</span> <span class='ocrx_word' id='word_1_16' title='bbox 331 246 370 280; x_wconf 90' lang='lat' dir='ltr'>et</span> <span class='ocrx_word' id='word_1_17' title='bbox 389 242 535 292; x_wconf 85' lang='lat' dir='ltr'>ingenti</span> <span class='ocrx_word' id='word_1_18' title='bbox 556 243 694 293; x_wconf 87' lang='lat' dir='ltr'>spiritu</span> <span class='ocrx_word' id='word_1_19' title='bbox 715 249 800 283; x_wconf 86' lang='lat' dir='ltr'>erat</span> <span class='ocrx_word' id='word_1_20' title='bbox 811 242 851 295; x_wconf 90' lang='lat'>¹).</span> <span class='ocrx_word' id='word_1_21' title='bbox 883 243 978 285; x_wconf 88' lang='lat' dir='ltr'>Cum</span> <span class='ocrx_word' id='word_1_22' title='bbox 996 251 1123 285; x_wconf 87' lang='lat' dir='ltr'>autem</span> <span class='ocrx_word' id='word_1_23' title='bbox 1142 246 1284 287; x_wconf 90' lang='lat' dir='ltr'>librum</span> <span class='ocrx_word' id='word_1_24' title='bbox 1306 247 1355 287; x_wconf 84' lang='lat' dir='ltr'>de</span> <span class='ocrx_word' id='word_1_25' title='bbox 1375 248 1449 289; x_wconf 85' lang='lat' dir='ltr'>dlis</span> <span class='ocrx_word' id='word_1_26' title='bbox 1463 260 1572 290; x_wconf 83' lang='lat' dir='ltr'>com-</span> 
     </span>
     <span class='ocr_line' id='line_1_4' title="bbox 167 296 1573 354; baseline 0.009 -21"><span class='ocrx_word' id='word_1_27' title='bbox 167 296 376 346; x_wconf 83' lang='lat' dir='ltr'>posuisset,</span> <span class='ocrx_word' id='word_1_28' title='bbox 398 297 438 335; x_wconf 90' lang='lat' dir='ltr'>in</span> <span class='ocrx_word' id='word_1_29' title='bbox 459 308 536 348; x_wconf 92' lang='lat' dir='ltr'>quo</span> <span class='ocrx_word' id='word_1_30' title='bbox 556 303 685 337; x_wconf 86' lang='lat' dir='ltr'>utrum</span> <span class='ocrx_word' id='word_1_31' title='bbox 707 298 759 338; x_wconf 88' lang='lat' dir='ltr'>dii</span> <span class='ocrx_word' id='word_1_32' title='bbox 780 300 858 339; x_wconf 88' lang='lat' dir='ltr'>sint</span> <span class='ocrx_word' id='word_1_33' title='bbox 877 311 1000 340; x_wconf 89' lang='lat' dir='ltr'>necne</span> <span class='ocrx_word' id='word_1_34' title='bbox 1020 302 1171 341; x_wconf 85' lang='lat' dir='ltr'>nescire</span> <span class='ocrx_word' id='word_1_35' title='bbox 1198 314 1239 342; x_wconf 89' lang='lat' dir='ltr'>se</span> <span class='ocrx_word' id='word_1_36' title='bbox 1267 302 1475 354; x_wconf 80' lang='lat' dir='ltr'>dixerat2).</span> <span class='ocrx_word' id='word_1_37' title='bbox 1497 306 1573 345; x_wconf 83' lang='lat' dir='ltr'>im·</span> 
     </span>
     <span class='ocr_line' id='line_1_5' title="bbox 168 351 1573 410; baseline 0.007 -21"><span class='ocrx_word' id='word_1_38' title='bbox 168 351 320 401; x_wconf 87' lang='lat' dir='ltr'>pietatis</span> <span class='ocrx_word' id='word_1_39' title='bbox 354 362 446 392; x_wconf 87' lang='lat' dir='ltr'>reus</span> <span class='ocrx_word' id='word_1_40' title='bbox 481 351 620 399; x_wconf 78' lang='lat' dir='ltr'>factus,</span> <span class='ocrx_word' id='word_1_41' title='bbox 651 365 791 405; x_wconf 84' lang='lat' dir='ltr'>parvae</span> <span class='ocrx_word' id='word_1_42' title='bbox 827 355 988 407; x_wconf 81' lang='lat' dir='ltr'><strong>cymbae</strong></span> <span class='ocrx_word' id='word_1_43' title='bbox 1015 367 1058 396; x_wconf 86' lang='lat' dir='ltr'>se</span> <span class='ocrx_word' id='word_1_44' title='bbox 1086 358 1294 404; x_wconf 77' lang='lat' dir='ltr'>commisit,</span> <span class='ocrx_word' id='word_1_45' title='bbox 1324 358 1391 398; x_wconf 90' lang='lat' dir='ltr'>sed</span> <span class='ocrx_word' id='word_1_46' title='bbox 1421 359 1500 410; x_wconf 88' lang='lat' dir='ltr'>ipsa</span> <span class='ocrx_word' id='word_1_47' title='bbox 1527 360 1573 399; x_wconf 84' lang='lat' dir='ltr'>in</span> 
     </span>
     <span class='ocr_line' id='line_1_6' title="bbox 169 405 540 459; baseline 0.005 -15"><span class='ocrx_word' id='word_1_48' title='bbox 169 405 256 457; x_wconf 81' lang='lat' dir='ltr'>fuga</span> <span class='ocrx_word' id='word_1_49' title='bbox 278 406 392 446; x_wconf 87' lang='lat' dir='ltr'>undis</span> <span class='ocrx_word' id='word_1_50' title='bbox 413 408 540 459; x_wconf 89' lang='lat' dir='ltr'>periit.</span> 
     </span>
    </p>

    <p class='ocr_par' dir='ltr' id='par_1_3' title="bbox 167 461 1574 1065">
     <span class='ocr_line' id='line_1_7' title="bbox 280 461 1571 521; baseline 0.007 -21"><span class='ocrx_word' id='word_1_51' title='bbox 280 461 515 513; x_wconf 81' lang='lat' dir='ltr'><strong>Protagorae</strong></span> <span class='ocrx_word' id='word_1_52' title='bbox 536 461 653 509; x_wconf 87' lang='lat' dir='ltr'>liber,</span> <span class='ocrx_word' id='word_1_53' title='bbox 675 464 740 515; x_wconf 87' lang='lat' dir='ltr'>qui</span> <span class='ocrx_word' id='word_1_54' title='bbox 761 470 819 504; x_wconf 87' lang='lat' dir='ltr'>est</span> <span class='ocrx_word' id='word_1_55' title='bbox 839 464 887 504; x_wconf 90' lang='lat' dir='ltr'>de</span> <span class='ocrx_word' id='word_1_56' title='bbox 907 476 1040 505; x_wconf 85' lang='lat' dir='ltr'>rerum</span> <span class='ocrx_word' id='word_1_57' title='bbox 1063 472 1212 513; x_wconf 85' lang='lat' dir='ltr'>natura,</span> <span class='ocrx_word' id='word_1_58' title='bbox 1234 480 1467 521; x_wconf 88' lang='lat' dir='ltr'>quamquam</span> <span class='ocrx_word' id='word_1_59' title='bbox 1490 480 1571 509; x_wconf 90' lang='lat' dir='ltr'>non</span> 
     </span>
     <span class='ocr_line' id='line_1_8' title="bbox 170 516 1572 571; baseline 0.007 -16"><span class='ocrx_word' id='word_1_60' title='bbox 170 518 311 556; x_wconf 88' lang='lat' dir='ltr'>mansit</span> <span class='ocrx_word' id='word_1_61' title='bbox 331 516 377 556; x_wconf 87' lang='lat' dir='ltr'>ad</span> <span class='ocrx_word' id='word_1_62' title='bbox 400 523 570 557; x_wconf 86' lang='lat' dir='ltr'>nostram</span> <span class='ocrx_word' id='word_1_63' title='bbox 592 520 832 565; x_wconf 77' lang='lat' dir='ltr'><strong>memoriam,</strong></span> <span class='ocrx_word' id='word_1_64' title='bbox 853 526 1123 571; x_wconf 75' lang='lat' dir='ltr'><strong>argumentum</strong></span> <span class='ocrx_word' id='word_1_65' title='bbox 1138 528 1266 563; x_wconf 88' lang='lat' dir='ltr'>tamen</span> <span class='ocrx_word' id='word_1_66' title='bbox 1283 524 1367 564; x_wconf 84' lang='lat' dir='ltr'>elus</span> <span class='ocrx_word' id='word_1_67' title='bbox 1387 536 1407 564; x_wconf 89' lang='lat' dir='ltr'>e</span> <span class='ocrx_word' id='word_1_68' title='bbox 1421 524 1572 566; x_wconf 83' lang='lat' dir='ltr'>Theae-</span> 
     </span>
     <span class='ocr_line' id='line_1_9' title="bbox 167 571 1571 632; baseline 0.007 -22"><span class='ocrx_word' id='word_1_69' title='bbox 167 578 246 611; x_wconf 89' lang='lat' dir='ltr'>teto</span> <span class='ocrx_word' id='word_1_70' title='bbox 267 571 438 611; x_wconf 82' lang='lat' dir='ltr'>Platonis</span> <span class='ocrx_word' id='word_1_71' title='bbox 458 574 652 613; x_wconf 86' lang='lat' dir='ltr'>coniicere</span> <span class='ocrx_word' id='word_1_72' title='bbox 672 572 763 614; x_wconf 90' lang='lat' dir='ltr'>licet</span> <span class='ocrx_word' id='word_1_73' title='bbox 773 572 815 623; x_wconf 84' lang='grc'>3).</span> <span class='ocrx_word' id='word_1_74' title='bbox 866 575 1099 627; x_wconf 86' lang='lat' dir='ltr'>inscriptum</span> <span class='ocrx_word' id='word_1_75' title='bbox 1129 589 1217 617; x_wconf 89' lang='lat' dir='ltr'>eum</span> <span class='ocrx_word' id='word_1_76' title='bbox 1239 578 1355 619; x_wconf 81' lang='lat' dir='ltr'>fuisse</span> <span class='ocrx_word' id='word_1_77' title='bbox 1382 575 1571 632; x_wconf 78' lang='grc' dir='ltr'><strong><em>ἀλήθεια</em></strong></span> 
     </span>
     <span class='ocr_line' id='line_1_10' title="bbox 168 626 1569 678; baseline 0.006 -12"><span class='ocrx_word' id='word_1_78' title='bbox 168 626 372 667; x_wconf 82' lang='lat' dir='ltr'>scholiasta</span> <span class='ocrx_word' id='word_1_79' title='bbox 386 626 412 678; x_wconf 88' lang='lat'>⁴)</span> <span class='ocrx_word' id='word_1_80' title='bbox 443 628 610 667; x_wconf 80' lang='lat' dir='ltr'>tradidit.</span> <span class='ocrx_word' id='word_1_81' title='bbox 669 629 738 669; x_wconf 91' lang='lat' dir='ltr'>Cui</span> <span class='ocrx_word' id='word_1_82' title='bbox 767 631 798 668; x_wconf 91' lang='lat' dir='ltr'>si</span> <span class='ocrx_word' id='word_1_83' title='bbox 829 631 994 670; x_wconf 82' lang='lat' dir='ltr'>sortasse</span> <span class='ocrx_word' id='word_1_84' title='bbox 1022 643 1100 670; x_wconf 91' lang='lat' dir='ltr'>non</span> <span class='ocrx_word' id='word_1_85' title='bbox 1129 632 1292 673; x_wconf 90' lang='lat' dir='ltr'>multum</span> <span class='ocrx_word' id='word_1_86' title='bbox 1321 634 1569 674; x_wconf 89' lang='lat' dir='ltr'>tribuendum</span> 
     </span>
     <span class='ocr_line' id='line_1_11' title="bbox 170 682 1573 740; baseline 0.006 -19"><span class='ocrx_word' id='word_1_87' title='bbox 170 687 239 728; x_wconf 86' lang='lat' dir='ltr'>est,</span> <span class='ocrx_word' id='word_1_88' title='bbox 262 688 300 721; x_wconf 94' lang='lat' dir='ltr'>at</span> <span class='ocrx_word' id='word_1_89' title='bbox 321 694 454 722; x_wconf 86' lang='lat' dir='ltr'>omnes</span> <span class='ocrx_word' id='word_1_90' title='bbox 475 683 556 722; x_wconf 83' lang='lat' dir='ltr'>sere</span> <span class='ocrx_word' id='word_1_91' title='bbox 576 682 748 723; x_wconf 86' lang='lat' dir='ltr'>Platonis</span> <span class='ocrx_word' id='word_1_92' title='bbox 776 685 1008 738; x_wconf 77' lang='lat' dir='ltr'>interpretes</span> <span class='ocrx_word' id='word_1_93' title='bbox 1027 692 1165 738; x_wconf 89' lang='lat' dir='ltr'>putant</span> <span class='ocrx_word' id='word_1_94' title='bbox 1185 688 1406 740; x_wconf 81' lang='lat' dir='ltr'>complures</span> <span class='ocrx_word' id='word_1_95' title='bbox 1423 690 1573 730; x_wconf 87' lang='lat' dir='ltr'>Theae-</span> 
     </span>
     <span class='ocr_line' id='line_1_12' title="bbox 168 736 1568 796; baseline 0.006 -20"><span class='ocrx_word' id='word_1_96' title='bbox 168 739 234 778; x_wconf 89' lang='lat' dir='ltr'>teti</span> <span class='ocrx_word' id='word_1_97' title='bbox 273 737 381 778; x_wconf 88' lang='lat' dir='ltr'>locos</span> <span class='ocrx_word' id='word_1_98' title='bbox 393 736 441 789; x_wconf 85' lang='lat'>⁵),</span> <span class='ocrx_word' id='word_1_99' title='bbox 482 739 554 777; x_wconf 87' lang='lat' dir='ltr'>nisi</span> <span class='ocrx_word' id='word_1_100' title='bbox 586 737 661 779; x_wconf 92' lang='lat' dir='ltr'>hoc</span> <span class='ocrx_word' id='word_1_101' title='bbox 694 746 888 786; x_wconf 82' lang='lat' dir='ltr'>sumatur,</span> <span class='ocrx_word' id='word_1_102' title='bbox 929 753 1007 781; x_wconf 90' lang='lat' dir='ltr'>non</span> <span class='ocrx_word' id='word_1_103' title='bbox 1046 742 1200 793; x_wconf 89' lang='lat' dir='ltr'>penitus</span> <span class='ocrx_word' id='word_1_104' title='bbox 1237 755 1351 795; x_wconf 85' lang='lat' dir='ltr'>posse</span> <span class='ocrx_word' id='word_1_105' title='bbox 1383 743 1568 796; x_wconf 86' lang='lat' dir='ltr'>intellegi.</span> 
     </span>
     <span class='ocr_line' id='line_1_13' title="bbox 168 792 1571 852; baseline 0.005 -19"><span class='ocrx_word' id='word_1_106' title='bbox 168 792 305 833; x_wconf 87' lang='lat' dir='ltr'>Eidem</span> <span class='ocrx_word' id='word_1_107' title='bbox 327 792 430 833; x_wconf 87' lang='lat' dir='ltr'>libro</span> <span class='ocrx_word' id='word_1_108' title='bbox 451 794 564 833; x_wconf 84' lang='lat' dir='ltr'>etiam</span> <span class='ocrx_word' id='word_1_109' title='bbox 586 795 878 847; x_wconf 87' lang='lat' dir='ltr'>inscriptionem</span> <span class='ocrx_word' id='word_1_110' title='bbox 901 797 1019 837; x_wconf 79' lang='lat' dir='ltr'>fuisse</span> <span class='ocrx_word' id='word_1_111' title='bbox 1039 795 1388 850; x_wconf 74' lang='grc' dir='ltr'><strong><em>καταβάλλοντες</em></strong></span> <span class='ocrx_word' id='word_1_112' title='bbox 1408 799 1476 852; x_wconf 87' lang='lat' dir='ltr'>(sc.</span> <span class='ocrx_word' id='word_1_113' title='bbox 1498 797 1571 840; x_wconf 81' lang='grc' dir='ltr'>λό-</span> 
     </span>
     <span class='ocr_line' id='line_1_14' title="bbox 168 848 1572 907; baseline 0.005 -19"><span class='ocrx_word' id='word_1_114' title='bbox 168 849 253 900; x_wconf 79' lang='grc' dir='ltr'>γοι)</span> <span class='ocrx_word' id='word_1_115' title='bbox 275 848 438 889; x_wconf 88' lang='lat' dir='ltr'>Iacobus</span> <span class='ocrx_word' id='word_1_116' title='bbox 458 848 630 901; x_wconf 83' lang='lat' dir='ltr'>Bernays</span> <span class='ocrx_word' id='word_1_117' title='bbox 640 848 666 901; x_wconf 78' lang='lat'>⁰)</span> <span class='ocrx_word' id='word_1_118' title='bbox 698 862 743 890; x_wconf 86' lang='lat' dir='ltr'>ex</span> <span class='ocrx_word' id='word_1_119' title='bbox 766 851 884 891; x_wconf 86' lang='lat' dir='ltr'>Sexto</span> <span class='ocrx_word' id='word_1_120' title='bbox 904 851 1138 905; x_wconf 85' lang='lat' dir='ltr'>Empiric07)</span> <span class='ocrx_word' id='word_1_121' title='bbox 1169 853 1322 906; x_wconf 84' lang='lat' dir='ltr'>collegit</span> <span class='ocrx_word' id='word_1_122' title='bbox 1348 860 1463 907; x_wconf 90' lang='lat' dir='ltr'>atque</span> <span class='ocrx_word' id='word_1_123' title='bbox 1485 866 1572 895; x_wconf 89' lang='lat' dir='ltr'>eam</span> 
     </span>
     <span class='ocr_line' id='line_1_15' title="bbox 170 905 1571 962; baseline 0.006 -20"><span class='ocrx_word' id='word_1_124' title='bbox 170 905 324 956; x_wconf 87' lang='lat' dir='ltr'>quidem</span> <span class='ocrx_word' id='word_1_125' title='bbox 345 915 461 943; x_wconf 89' lang='lat' dir='ltr'>unam</span> <span class='ocrx_word' id='word_1_126' title='bbox 483 905 549 955; x_wconf 92' lang='lat' dir='ltr'>qui</span> <span class='ocrx_word' id='word_1_127' title='bbox 573 916 699 945; x_wconf 88' lang='lat' dir='ltr'>veram</span> <span class='ocrx_word' id='word_1_128' title='bbox 723 905 928 958; x_wconf 59' lang='lat' dir='ltr'>habenti-²),</span> <span class='ocrx_word' id='word_1_129' title='bbox 950 907 1201 959; x_wconf 86' lang='lat' dir='ltr'>Protagoram</span> <span class='ocrx_word' id='word_1_130' title='bbox 1223 914 1397 950; x_wconf 90' lang='lat' dir='ltr'>statuunt</span> <span class='ocrx_word' id='word_1_131' title='bbox 1423 910 1571 962; x_wconf 80' lang='lat' dir='ltr'>saepis·</span> 
     </span>
     <span class='ocr_line' id='line_1_16' title="bbox 170 957 1574 1065; baseline 0.005 -67"><span class='ocrx_word' id='word_1_132' title='bbox 170 960 265 999; x_wconf 90' lang='lat' dir='ltr'>sime</span> <span class='ocrx_word' id='word_1_133' title='bbox 302 971 415 1065; x_wconf 66' lang='lat' dir='ltr'>usu91)n</span> <span class='ocrx_word' id='word_1_134' title='bbox 452 971 536 1000; x_wconf 85' lang='lat' dir='ltr'>esse</span> <span class='ocrx_word' id='word_1_135' title='bbox 564 971 658 1000; x_wconf 86' lang='lat' dir='ltr'>voce</span> <span class='ocrx_word' id='word_1_136' title='bbox 685 957 898 1014; x_wconf 79' lang='grc' dir='ltr'><em>ἀληθείας</em></span> <span class='ocrx_word' id='word_1_137' title='bbox 924 962 971 1002; x_wconf 90' lang='lat' dir='ltr'>ad</span> <span class='ocrx_word' id='word_1_138' title='bbox 1001 975 1109 1003; x_wconf 90' lang='lat' dir='ltr'>suam</span> <span class='ocrx_word' id='word_1_139' title='bbox 1140 963 1422 1016; x_wconf 81' lang='lat' dir='ltr'>philosophiam</span> <span class='ocrx_word' id='word_1_140' title='bbox 1452 966 1574 1016; x_wconf 81' lang='lat' dir='ltr'>signi·</span> 
     </span>
     <span class='ocr_line' id='line_1_17' title="bbox 167 1014 411 1055; baseline -0.004 0"><span class='ocrx_word' id='word_1_141' title='bbox 167 1014 356 1055; x_wconf 85' lang='lat' dir='ltr'>ficandam</span> <span class='ocrx_word' id='word_1_142' title='bbox 401 1044 411 1054; x_wconf 92' lang='lat'>.</span> 
     </span>
    </p>

    <p class='ocr_par' dir='ltr' id='par_1_4' title="bbox 169 1070 1575 1182">
     <span class='ocr_line' id='line_1_18' title="bbox 281 1070 1575 1126; baseline 0.004 -16"><span class='ocrx_word' id='word_1_143' title='bbox 281 1070 513 1122; x_wconf 87' lang='lat' dir='ltr'>Protagoras</span> <span class='ocrx_word' id='word_1_144' title='bbox 535 1075 676 1117; x_wconf 88' lang='lat' dir='ltr'>autem,</span> <span class='ocrx_word' id='word_1_145' title='bbox 698 1072 729 1110; x_wconf 91' lang='lat' dir='ltr'>si</span> <span class='ocrx_word' id='word_1_146' title='bbox 751 1070 949 1112; x_wconf 88' lang='lat' dir='ltr'>Platonem</span> <span class='ocrx_word' id='word_1_147' title='bbox 970 1074 1182 1125; x_wconf 86' lang='lat' dir='ltr'>sequimur,</span> <span class='ocrx_word' id='word_1_148' title='bbox 1203 1086 1372 1126; x_wconf 89' lang='lat' dir='ltr'>quocum</span> <span class='ocrx_word' id='word_1_149' title='bbox 1394 1075 1456 1115; x_wconf 89' lang='lat' dir='ltr'>alii</span> <span class='ocrx_word' id='word_1_150' title='bbox 1477 1086 1575 1115; x_wconf 87' lang='lat' dir='ltr'>con·</span> 
     </span>
     <span class='ocr_line' id='line_1_19' title="bbox 169 1124 1574 1182; baseline 0.004 -18"><span class='ocrx_word' id='word_1_151' title='bbox 169 1124 418 1177; x_wconf 78' lang='lat' dir='ltr'>sentiunt10),</span> <span class='ocrx_word' id='word_1_152' title='bbox 456 1124 553 1165; x_wconf 89' lang='lat' dir='ltr'>haec</span> <span class='ocrx_word' id='word_1_153' title='bbox 580 1126 662 1166; x_wconf 83' lang='lat' dir='ltr'>sere</span> <span class='ocrx_word' id='word_1_154' title='bbox 691 1126 831 1167; x_wconf 91' lang='lat' dir='ltr'>docuit.</span> <span class='ocrx_word' id='word_1_155' title='bbox 883 1127 1027 1168; x_wconf 85' lang='lat' dir='ltr'>Omnes</span> <span class='ocrx_word' id='word_1_156' title='bbox 1062 1141 1127 1169; x_wconf 87' lang='lat' dir='ltr'>res</span> <span class='ocrx_word' id='word_1_157' title='bbox 1163 1132 1319 1182; x_wconf 71' lang='lat' dir='ltr'>semper</span> <span class='ocrx_word' id='word_1_158' title='bbox 1353 1135 1574 1170; x_wconf 84' lang='lat' dir='ltr'>moventur.</span> 
     </span>
    </p>
   </div>
   <div class='ocr_carea' id='block_1_3' title="bbox 97 1181 1572 1240">
    <p class='ocr_par' dir='ltr' id='par_1_5' title="bbox 97 1181 1572 1240">
     <span class='ocr_line' id='line_1_20' title="bbox 97 1181 1572 1240; baseline 0.003 -19"><span class='ocrx_word' id='word_1_159' title='bbox 97 1231 105 1240; x_wconf 92' lang='lat'>.</span> <span class='ocrx_word' id='word_1_160' title='bbox 170 1181 315 1221; x_wconf 85' lang='lat' dir='ltr'>Rerum</span> <span class='ocrx_word' id='word_1_161' title='bbox 336 1185 463 1220; x_wconf 90' lang='lat' dir='ltr'>autem</span> <span class='ocrx_word' id='word_1_162' title='bbox 486 1193 571 1221; x_wconf 87' lang='lat' dir='ltr'>sese</span> <span class='ocrx_word' id='word_1_163' title='bbox 590 1183 826 1222; x_wconf 88' lang='lat' dir='ltr'>moventium</span> <span class='ocrx_word' id='word_1_164' title='bbox 847 1183 924 1223; x_wconf 88' lang='lat' dir='ltr'>duo</span> <span class='ocrx_word' id='word_1_165' title='bbox 945 1189 1034 1223; x_wconf 86' lang='lat' dir='ltr'>sunt</span> <span class='ocrx_word' id='word_1_166' title='bbox 1054 1195 1218 1234; x_wconf 88' lang='lat' dir='ltr'>genera,</span> <span class='ocrx_word' id='word_1_167' title='bbox 1248 1184 1411 1225; x_wconf 88' lang='lat' dir='ltr'>alterum</span> <span class='ocrx_word' id='word_1_168' title='bbox 1440 1197 1572 1237; x_wconf 84' lang='lat' dir='ltr'>agens,</span> 
     </span>
    </p>
   </div>
   <div class='ocr_carea' id='block_1_4' title="bbox 170 1234 1578 1789">
    <p class='ocr_par' dir='ltr' id='par_1_6' title="bbox 170 1234 1578 1674">
     <span class='ocr_line' id='line_1_21' title="bbox 170 1234 1578 1293; baseline 0.004 -18"><span class='ocrx_word' id='word_1_169' title='bbox 170 1237 321 1288; x_wconf 88' lang='lat' dir='ltr'>patiens</span> <span class='ocrx_word' id='word_1_170' title='bbox 342 1234 527 1282; x_wconf 87' lang='lat' dir='ltr'>alterum,</span> <span class='ocrx_word' id='word_1_171' title='bbox 556 1242 764 1289; x_wconf 85' lang='lat' dir='ltr'>utrumque</span> <span class='ocrx_word' id='word_1_172' title='bbox 786 1243 913 1278; x_wconf 87' lang='lat' dir='ltr'>autem</span> <span class='ocrx_word' id='word_1_173' title='bbox 943 1250 1107 1279; x_wconf 89' lang='lat' dir='ltr'>numero</span> <span class='ocrx_word' id='word_1_174' title='bbox 1127 1239 1389 1290; x_wconf 83' lang='lat' dir='ltr'>infinitum¹¹).</span> <span class='ocrx_word' id='word_1_175' title='bbox 1438 1240 1578 1293; x_wconf 84' lang='lat' dir='ltr'>Neque</span> 
     </span>
     <span class='ocr_line' id='line_1_22' title="bbox 171 1293 1577 1345; baseline 0.004 -15"><span class='ocrx_word' id='word_1_176' title='bbox 171 1303 262 1331; x_wconf 83' lang='lat' dir='ltr'>vero</span> <span class='ocrx_word' id='word_1_177' title='bbox 291 1302 410 1342; x_wconf 83' lang='lat' dir='ltr'>agens</span> <span class='ocrx_word' id='word_1_178' title='bbox 436 1302 562 1342; x_wconf 87' lang='lat' dir='ltr'>neque</span> <span class='ocrx_word' id='word_1_179' title='bbox 592 1293 742 1343; x_wconf 87' lang='lat' dir='ltr'>patiens</span> <span class='ocrx_word' id='word_1_180' title='bbox 770 1299 827 1332; x_wconf 90' lang='lat' dir='ltr'>est</span> <span class='ocrx_word' id='word_1_181' title='bbox 847 1305 917 1345; x_wconf 89' lang='lat' dir='ltr'>per</span> <span class='ocrx_word' id='word_1_182' title='bbox 937 1305 998 1339; x_wconf 87' lang='lat' dir='ltr'>se,</span> <span class='ocrx_word' id='word_1_183' title='bbox 1029 1294 1192 1334; x_wconf 87' lang='lat' dir='ltr'>alterum</span> <span class='ocrx_word' id='word_1_184' title='bbox 1215 1295 1318 1335; x_wconf 90' lang='lat' dir='ltr'>enim</span> <span class='ocrx_word' id='word_1_185' title='bbox 1339 1296 1422 1335; x_wconf 86' lang='lat' dir='ltr'>sine</span> <span class='ocrx_word' id='word_1_186' title='bbox 1450 1295 1577 1336; x_wconf 83' lang='lat' dir='ltr'>altero</span> 
     </span>
     <span class='ocr_line' id='line_1_23' title="bbox 171 1346 1576 1403; baseline 0.004 -18"><span class='ocrx_word' id='word_1_187' title='bbox 171 1357 256 1386; x_wconf 90' lang='lat' dir='ltr'>esse</span> <span class='ocrx_word' id='word_1_188' title='bbox 276 1357 355 1385; x_wconf 90' lang='lat' dir='ltr'>non</span> <span class='ocrx_word' id='word_1_189' title='bbox 375 1352 514 1398; x_wconf 85' lang='lat' dir='ltr'>potest.</span> <span class='ocrx_word' id='word_1_190' title='bbox 566 1346 677 1393; x_wconf 88' lang='lat' dir='ltr'>Quod</span> <span class='ocrx_word' id='word_1_191' title='bbox 698 1354 827 1387; x_wconf 87' lang='lat' dir='ltr'>autem</span> <span class='ocrx_word' id='word_1_192' title='bbox 850 1361 937 1389; x_wconf 93' lang='lat' dir='ltr'>cum</span> <span class='ocrx_word' id='word_1_193' title='bbox 969 1349 1096 1402; x_wconf 89' lang='lat' dir='ltr'>aliqua</span> <span class='ocrx_word' id='word_1_194' title='bbox 1116 1362 1161 1390; x_wconf 88' lang='lat' dir='ltr'>re</span> <span class='ocrx_word' id='word_1_195' title='bbox 1181 1361 1432 1401; x_wconf 87' lang='lat' dir='ltr'>congressum</span> <span class='ocrx_word' id='word_1_196' title='bbox 1453 1362 1576 1403; x_wconf 81' lang='lat' dir='ltr'>agens</span> 
     </span>
     <span class='ocr_line' id='line_1_24' title="bbox 171 1401 1574 1458; baseline 0.004 -18"><span class='ocrx_word' id='word_1_197' title='bbox 171 1407 249 1448; x_wconf 89' lang='lat' dir='ltr'>est,</span> <span class='ocrx_word' id='word_1_198' title='bbox 279 1401 399 1447; x_wconf 88' lang='lat' dir='ltr'>idem,</span> <span class='ocrx_word' id='word_1_199' title='bbox 430 1402 462 1440; x_wconf 88' lang='lat' dir='ltr'>si</span> <span class='ocrx_word' id='word_1_200' title='bbox 491 1413 579 1441; x_wconf 89' lang='lat' dir='ltr'>cum</span> <span class='ocrx_word' id='word_1_201' title='bbox 607 1401 679 1442; x_wconf 91' lang='lat' dir='ltr'>alia</span> <span class='ocrx_word' id='word_1_202' title='bbox 707 1404 802 1448; x_wconf 89' lang='lat' dir='ltr'>coit,</span> <span class='ocrx_word' id='word_1_203' title='bbox 824 1404 866 1443; x_wconf 81' lang='lat' dir='ltr'>fit</span> <span class='ocrx_word' id='word_1_204' title='bbox 893 1403 1113 1456; x_wconf 79' lang='lat' dir='ltr'>patiens12).</span> <span class='ocrx_word' id='word_1_205' title='bbox 1162 1405 1339 1445; x_wconf 81' lang='lat' dir='ltr'>Alterum</span> <span class='ocrx_word' id='word_1_206' title='bbox 1366 1407 1485 1458; x_wconf 80' lang='lat' dir='ltr'>igitur</span> <span class='ocrx_word' id='word_1_207' title='bbox 1506 1406 1574 1446; x_wconf 83' lang='lat' dir='ltr'>ubi</span> 
     </span>
     <span class='ocr_line' id='line_1_25' title="bbox 171 1457 1576 1513; baseline 0.005 -18"><span class='ocrx_word' id='word_1_208' title='bbox 171 1469 259 1496; x_wconf 91' lang='lat' dir='ltr'>cum</span> <span class='ocrx_word' id='word_1_209' title='bbox 281 1457 402 1496; x_wconf 91' lang='lat' dir='ltr'>altero</span> <span class='ocrx_word' id='word_1_210' title='bbox 424 1457 674 1508; x_wconf 83' lang='lat' dir='ltr'>congreditur</span> <span class='ocrx_word' id='word_1_211' title='bbox 694 1463 731 1497; x_wconf 88' lang='lat' dir='ltr'>et</span> <span class='ocrx_word' id='word_1_212' title='bbox 747 1460 1030 1505; x_wconf 89' lang='lat' dir='ltr'>commiscetur,</span> <span class='ocrx_word' id='word_1_213' title='bbox 1046 1472 1110 1500; x_wconf 89' lang='lat' dir='ltr'>res</span> <span class='ocrx_word' id='word_1_214' title='bbox 1123 1461 1314 1507; x_wconf 79' lang='lat' dir='ltr'>oriuntur,</span> <span class='ocrx_word' id='word_1_215' title='bbox 1333 1472 1432 1513; x_wconf 90' lang='lat' dir='ltr'>quae</span> <span class='ocrx_word' id='word_1_216' title='bbox 1444 1463 1576 1502; x_wconf 84' lang='lat' dir='ltr'>variae</span> 
     </span>
     <span class='ocr_line' id='line_1_26' title="bbox 171 1513 1574 1568; baseline 0.004 -17"><span class='ocrx_word' id='word_1_217' title='bbox 171 1513 248 1552; x_wconf 88' lang='lat' dir='ltr'>sint</span> <span class='ocrx_word' id='word_1_218' title='bbox 267 1523 428 1551; x_wconf 87' lang='lat' dir='ltr'>necesse</span> <span class='ocrx_word' id='word_1_219' title='bbox 448 1518 506 1551; x_wconf 89' lang='lat' dir='ltr'>est</span> <span class='ocrx_word' id='word_1_220' title='bbox 526 1524 597 1564; x_wconf 89' lang='lat' dir='ltr'>pro</span> <span class='ocrx_word' id='word_1_221' title='bbox 626 1514 820 1564; x_wconf 84' lang='lat' dir='ltr'>agentium</span> <span class='ocrx_word' id='word_1_222' title='bbox 849 1521 888 1554; x_wconf 88' lang='lat' dir='ltr'>et</span> <span class='ocrx_word' id='word_1_223' title='bbox 914 1516 1139 1567; x_wconf 85' lang='lat' dir='ltr'>patientium</span> <span class='ocrx_word' id='word_1_224' title='bbox 1161 1514 1415 1568; x_wconf 58' lang='lat' dir='ltr'>varietatem).</span> <span class='ocrx_word' id='word_1_225' title='bbox 1466 1515 1574 1562; x_wconf 87' lang='lat' dir='ltr'>Quae</span> 
     </span>
     <span class='ocr_line' id='line_1_27' title="bbox 170 1567 1573 1622; baseline 0.004 -16"><span class='ocrx_word' id='word_1_226' title='bbox 170 1579 259 1607; x_wconf 89' lang='lat' dir='ltr'>cum</span> <span class='ocrx_word' id='word_1_227' title='bbox 281 1568 333 1607; x_wconf 89' lang='lat' dir='ltr'>ita</span> <span class='ocrx_word' id='word_1_228' title='bbox 354 1568 448 1613; x_wconf 88' lang='lat' dir='ltr'>sint,</span> <span class='ocrx_word' id='word_1_229' title='bbox 479 1567 573 1607; x_wconf 89' lang='lat' dir='ltr'>nihil</span> <span class='ocrx_word' id='word_1_230' title='bbox 602 1580 771 1619; x_wconf 90' lang='lat' dir='ltr'>unquam</span> <span class='ocrx_word' id='word_1_231' title='bbox 794 1575 871 1616; x_wconf 87' lang='lat' dir='ltr'>est,</span> <span class='ocrx_word' id='word_1_232' title='bbox 901 1571 1029 1611; x_wconf 89' lang='lat' dir='ltr'>omnia</span> <span class='ocrx_word' id='word_1_233' title='bbox 1051 1583 1205 1622; x_wconf 88' lang='lat' dir='ltr'>semper</span> <span class='ocrx_word' id='word_1_234' title='bbox 1225 1571 1322 1611; x_wconf 82' lang='lat' dir='ltr'>fiunt</span> <span class='ocrx_word' id='word_1_235' title='bbox 1350 1582 1476 1622; x_wconf 88' lang='lat' dir='ltr'>neque</span> <span class='ocrx_word' id='word_1_236' title='bbox 1496 1572 1573 1611; x_wconf 88' lang='lat' dir='ltr'>dici</span> 
     </span>
     <span class='ocr_line' id='line_1_28' title="bbox 170 1621 721 1674; baseline 0.002 -12"><span class='ocrx_word' id='word_1_237' title='bbox 170 1628 317 1674; x_wconf 87' lang='lat' dir='ltr'>potest,</span> <span class='ocrx_word' id='word_1_238' title='bbox 341 1621 473 1674; x_wconf 86' lang='lat' dir='ltr'>quales</span> <span class='ocrx_word' id='word_1_239' title='bbox 492 1623 570 1663; x_wconf 88' lang='lat' dir='ltr'>sint</span> <span class='ocrx_word' id='word_1_240' title='bbox 588 1622 721 1674; x_wconf 76' lang='lat' dir='ltr'>res14).</span> 
     </span>
    </p>

    <p class='ocr_par' dir='ltr' id='par_1_7' title="bbox 171 1678 1574 1789">
     <span class='ocr_line' id='line_1_29' title="bbox 282 1678 1573 1733; baseline 0.002 -15"><span class='ocrx_word' id='word_1_241' title='bbox 282 1678 331 1718; x_wconf 92' lang='lat' dir='ltr'>Ut</span> <span class='ocrx_word' id='word_1_242' title='bbox 367 1688 430 1717; x_wconf 92' lang='lat' dir='ltr'>res</span> <span class='ocrx_word' id='word_1_243' title='bbox 457 1689 612 1723; x_wconf 87' lang='lat' dir='ltr'>omnes,</span> <span class='ocrx_word' id='word_1_244' title='bbox 641 1690 739 1730; x_wconf 89' lang='lat' dir='ltr'>quae</span> <span class='ocrx_word' id='word_1_245' title='bbox 770 1681 1009 1726; x_wconf 86' lang='lat' dir='ltr'>sentiuntur,</span> <span class='ocrx_word' id='word_1_246' title='bbox 1037 1682 1088 1721; x_wconf 90' lang='lat' dir='ltr'>ita</span> <span class='ocrx_word' id='word_1_247' title='bbox 1118 1693 1256 1722; x_wconf 87' lang='lat' dir='ltr'>sensus</span> <span class='ocrx_word' id='word_1_248' title='bbox 1284 1682 1356 1733; x_wconf 87' lang='lat' dir='ltr'>ipsi</span> <span class='ocrx_word' id='word_1_249' title='bbox 1390 1694 1437 1723; x_wconf 85' lang='lat' dir='ltr'>ex</span> <span class='ocrx_word' id='word_1_250' title='bbox 1466 1688 1573 1721; x_wconf 87' lang='lat' dir='ltr'>utro-</span> 
     </span>
     <span class='ocr_line' id='line_1_30' title="bbox 171 1734 1574 1789; baseline 0.003 -16"><span class='ocrx_word' id='word_1_251' title='bbox 171 1745 247 1786; x_wconf 89' lang='lat' dir='ltr'>que</span> <span class='ocrx_word' id='word_1_252' title='bbox 267 1745 399 1772; x_wconf 87' lang='lat' dir='ltr'>rerum</span> <span class='ocrx_word' id='word_1_253' title='bbox 421 1744 506 1773; x_wconf 88' lang='lat' dir='ltr'>sese</span> <span class='ocrx_word' id='word_1_254' title='bbox 527 1734 760 1774; x_wconf 83' lang='lat' dir='ltr'>moventium</span> <span class='ocrx_word' id='word_1_255' title='bbox 782 1746 926 1787; x_wconf 83' lang='lat' dir='ltr'>genere</span> <span class='ocrx_word' id='word_1_256' title='bbox 946 1737 1168 1788; x_wconf 82' lang='lat' dir='ltr'>gignuntur.</span> <span class='ocrx_word' id='word_1_257' title='bbox 1219 1738 1258 1777; x_wconf 91' lang='lat' dir='ltr'>Si</span> <span class='ocrx_word' id='word_1_258' title='bbox 1279 1749 1354 1789; x_wconf 89' lang='lat' dir='ltr'>qua</span> <span class='ocrx_word' id='word_1_259' title='bbox 1376 1749 1440 1777; x_wconf 88' lang='lat' dir='ltr'>res</span> <span class='ocrx_word' id='word_1_260' title='bbox 1469 1738 1574 1777; x_wconf 88' lang='lat' dir='ltr'>enim</span> 
     </span>
    </p>
   </div>
   <div class='ocr_carea' id='block_1_5' title="bbox 169 1831 435 1838">
    <p class='ocr_par' dir='ltr' id='par_1_8' title="bbox 169 1831 435 1838">
     <span class='ocr_line' id='line_1_31' title="bbox 169 1831 435 1838; baseline 0 1132"><span class='ocrx_word' id='word_1_261' title='bbox 169 1831 435 1838; x_wconf 95' lang='lat' dir='ltr'> </span> 
     </span>
    </p>
   </div>
   <div class='ocr_carea' id='block_1_6' title="bbox 170 1897 1576 2165">
    <p class='ocr_par' dir='ltr' id='par_1_9' title="bbox 170 1897 1576 2165">
     <span class='ocr_line' id='line_1_32' title="bbox 262 1897 1576 1945; baseline 0.005 -15"><span class='ocrx_word' id='word_1_262' title='bbox 262 1899 295 1940; x_wconf 91' lang='lat'>1)</span> <span class='ocrx_word' id='word_1_263' title='bbox 321 1908 354 1941; x_wconf 90' lang='lat' dir='ltr'>p.</span> <span class='ocrx_word' id='word_1_264' title='bbox 380 1899 538 1940; x_wconf 84' lang='grc' dir='ltr'>166ΑῙ),</span> <span class='ocrx_word' id='word_1_265' title='bbox 567 1899 678 1933; x_wconf 78' lang='grc'>1680.</span> <span class='ocrx_word' id='word_1_266' title='bbox 816 1897 851 1943; x_wconf 76' lang='lat'>2)</span> <span class='ocrx_word' id='word_1_267' title='bbox 875 1911 909 1943; x_wconf 88' lang='lat' dir='ltr'>p.</span> <span class='ocrx_word' id='word_1_268' title='bbox 938 1902 1092 1935; x_wconf 72' lang='lat' dir='ltr'>mem-3.</span> <span class='ocrx_word' id='word_1_269' title='bbox 1227 1900 1262 1944; x_wconf 92' lang='lat'>3)</span> <span class='ocrx_word' id='word_1_270' title='bbox 1293 1904 1451 1936; x_wconf 76' lang='lat' dir='ltr'>Ioannes</span> <span class='ocrx_word' id='word_1_271' title='bbox 1474 1903 1576 1945; x_wconf 74' lang='lat' dir='ltr'>Frei,</span> 
     </span>
     <span class='ocr_line' id='line_1_33' title="bbox 171 1942 1576 1989; baseline 0.004 -14"><span class='ocrx_word' id='word_1_272' title='bbox 171 1943 408 1986; x_wconf 79' lang='lat' dir='ltr'>quaestiones</span> <span class='ocrx_word' id='word_1_273' title='bbox 427 1942 684 1987; x_wconf 78' lang='lat' dir='ltr'>Protagoreae.</span> <span class='ocrx_word' id='word_1_274' title='bbox 715 1945 878 1978; x_wconf 84' lang='lat' dir='ltr'>Bonnae.</span> <span class='ocrx_word' id='word_1_275' title='bbox 903 1947 1000 1979; x_wconf 82' lang='lat'>1845.</span> <span class='ocrx_word' id='word_1_276' title='bbox 1048 1945 1136 1979; x_wconf 87' lang='lat' dir='ltr'>Otto</span> <span class='ocrx_word' id='word_1_277' title='bbox 1158 1946 1312 1988; x_wconf 85' lang='lat' dir='ltr'>Weber,</span> <span class='ocrx_word' id='word_1_278' title='bbox 1337 1947 1576 1989; x_wconf 72' lang='lat' dir='ltr'>quaestiones</span> 
     </span>
     <span class='ocr_line' id='line_1_34' title="bbox 172 1987 1574 2034; baseline 0.001 -13"><span class='ocrx_word' id='word_1_279' title='bbox 172 1989 429 2030; x_wconf 78' lang='lat' dir='ltr'>Protagoreae.</span> <span class='ocrx_word' id='word_1_280' title='bbox 455 1987 654 2031; x_wconf 74' lang='lat' dir='ltr'>marburgi.</span> <span class='ocrx_word' id='word_1_281' title='bbox 675 1990 772 2023; x_wconf 83' lang='lat'>1850.</span> <span class='ocrx_word' id='word_1_282' title='bbox 819 1989 922 2022; x_wconf 85' lang='lat' dir='ltr'>Anne</span> <span class='ocrx_word' id='word_1_283' title='bbox 946 1990 1060 2023; x_wconf 81' lang='lat' dir='ltr'>Iohan</span> <span class='ocrx_word' id='word_1_284' title='bbox 1083 1991 1270 2034; x_wconf 73' lang='lat' dir='ltr'>Viti-inge,</span> <span class='ocrx_word' id='word_1_285' title='bbox 1297 1990 1503 2034; x_wconf 84' lang='lat' dir='ltr'>disquisitio</span> <span class='ocrx_word' id='word_1_286' title='bbox 1528 1990 1574 2024; x_wconf 86' lang='lat' dir='ltr'>de</span> 
     </span>
     <span class='ocr_line' id='line_1_35' title="bbox 170 2032 1572 2077; baseline 0.002 -13"><span class='ocrx_word' id='word_1_287' title='bbox 170 2032 396 2074; x_wconf 83' lang='lat' dir='ltr'>Protagorae</span> <span class='ocrx_word' id='word_1_288' title='bbox 427 2032 504 2065; x_wconf 76' lang='lat' dir='ltr'>vita</span> <span class='ocrx_word' id='word_1_289' title='bbox 535 2036 573 2065; x_wconf 88' lang='lat' dir='ltr'>et</span> <span class='ocrx_word' id='word_1_290' title='bbox 603 2032 844 2076; x_wconf 86' lang='lat' dir='ltr'>philosophia.</span> <span class='ocrx_word' id='word_1_291' title='bbox 883 2034 1103 2077; x_wconf 76' lang='lat' dir='ltr'>Groningae.</span> <span class='ocrx_word' id='word_1_292' title='bbox 1142 2036 1239 2068; x_wconf 75' lang='lat'>1852.</span> <span class='ocrx_word' id='word_1_293' title='bbox 1291 2035 1333 2068; x_wconf 80' lang='lat' dir='ltr'>R.</span> <span class='ocrx_word' id='word_1_294' title='bbox 1366 2034 1572 2076; x_wconf 81' lang='lat' dir='ltr'>Wecklein,</span> 
     </span>
     <span class='ocr_line' id='line_1_36' title="bbox 170 2076 1573 2121; baseline 0.002 -13"><span class='ocrx_word' id='word_1_295' title='bbox 170 2076 241 2108; x_wconf 89' lang='lat' dir='ltr'>Die</span> <span class='ocrx_word' id='word_1_296' title='bbox 268 2076 464 2118; x_wconf 81' lang='lat' dir='ltr'>Sophisten</span> <span class='ocrx_word' id='word_1_297' title='bbox 488 2077 562 2109; x_wconf 81' lang='lat' dir='ltr'>und</span> <span class='ocrx_word' id='word_1_298' title='bbox 587 2077 646 2110; x_wconf 90' lang='lat' dir='ltr'>die</span> <span class='ocrx_word' id='word_1_299' title='bbox 671 2077 861 2119; x_wconf 82' lang='lat' dir='ltr'>Sophistik</span> <span class='ocrx_word' id='word_1_300' title='bbox 884 2078 979 2111; x_wconf 77' lang='lat' dir='ltr'>nach</span> <span class='ocrx_word' id='word_1_301' title='bbox 1003 2078 1074 2111; x_wconf 86' lang='lat' dir='ltr'>den</span> <span class='ocrx_word' id='word_1_302' title='bbox 1090 2078 1268 2121; x_wconf 78' lang='lat' dir='ltr'>Angaben</span> <span class='ocrx_word' id='word_1_303' title='bbox 1282 2077 1420 2113; x_wconf 71' lang='lat' dir='ltr'>Platon.</span> <span class='ocrx_word' id='word_1_304' title='bbox 1444 2079 1573 2111; x_wconf 78' lang='lat' dir='ltr'>Wiirz·</span> 
     </span>
     <span class='ocr_line' id='line_1_37' title="bbox 170 2120 1574 2165; baseline 0.003 -13"><span class='ocrx_word' id='word_1_305' title='bbox 170 2120 272 2163; x_wconf 83' lang='lat' dir='ltr'>burg.</span> <span class='ocrx_word' id='word_1_306' title='bbox 301 2121 397 2153; x_wconf 89' lang='grc'>1866.</span> <span class='ocrx_word' id='word_1_307' title='bbox 422 2130 456 2162; x_wconf 87' lang='lat' dir='ltr'>p.</span> <span class='ocrx_word' id='word_1_308' title='bbox 477 2122 595 2154; x_wconf 85' lang='lat'>1—38.</span> <span class='ocrx_word' id='word_1_309' title='bbox 641 2121 778 2154; x_wconf 79' lang='lat' dir='ltr'>Mertin</span> <span class='ocrx_word' id='word_1_310' title='bbox 794 2121 954 2164; x_wconf 73' lang='lat' dir='ltr'>Selium,</span> <span class='ocrx_word' id='word_1_311' title='bbox 978 2123 1152 2165; x_wconf 66' lang='lat' dir='ltr'>Beitriige</span> <span class='ocrx_word' id='word_1_312' title='bbox 1176 2131 1240 2155; x_wconf 72' lang='lat' dir='ltr'>zur</span> <span class='ocrx_word' id='word_1_313' title='bbox 1253 2122 1574 2161; x_wconf 63' lang='lat' dir='ltr'>vorsokrntiuehen</span> 
     </span>
    </p>
   </div>
   <div class='ocr_carea' id='block_1_7' title="bbox 170 2164 1583 2209">
    <p class='ocr_par' dir='ltr' id='par_1_10' title="bbox 170 2164 1583 2209">
     <span class='ocr_line' id='line_1_38' title="bbox 170 2164 1583 2209; baseline 0.004 -13"><span class='ocrx_word' id='word_1_314' title='bbox 170 2164 404 2207; x_wconf 71' lang='lat' dir='ltr'>philosophie</span> <span class='ocrx_word' id='word_1_315' title='bbox 429 2174 495 2198; x_wconf 79' lang='lat' dir='ltr'>aus</span> <span class='ocrx_word' id='word_1_316' title='bbox 519 2165 639 2198; x_wconf 77' lang='lat' dir='ltr'>Plato.</span> <span class='ocrx_word' id='word_1_317' title='bbox 666 2167 696 2200; x_wconf 88' lang='lat'>1.</span> <span class='ocrx_word' id='word_1_318' title='bbox 714 2166 795 2199; x_wconf 85' lang='lat' dir='ltr'>Hft.</span> <span class='ocrx_word' id='word_1_319' title='bbox 829 2165 1040 2209; x_wconf 70' lang='lat' dir='ltr'>Gottingen.</span> <span class='ocrx_word' id='word_1_320' title='bbox 1067 2167 1166 2200; x_wconf 82' lang='grc'>1867.</span> <span class='ocrx_word' id='word_1_321' title='bbox 1213 2167 1256 2200; x_wconf 84' lang='lat' dir='ltr'>G.</span> <span class='ocrx_word' id='word_1_322' title='bbox 1281 2167 1393 2201; x_wconf 84' lang='lat' dir='ltr'>Grote</span> <span class='ocrx_word' id='word_1_323' title='bbox 1418 2168 1455 2199; x_wconf 89' lang='lat' dir='ltr'>in</span> <span class='ocrx_word' id='word_1_324' title='bbox 1479 2166 1583 2201; x_wconf 85' lang='lat' dir='ltr'>libro-</span> 
     </span>
    </p>
   </div>
   <div class='ocr_carea' id='block_1_8' title="bbox 170 2208 1581 2785">
    <p class='ocr_par' dir='ltr' id='par_1_11' title="bbox 170 2208 1581 2785">
     <span class='ocr_line' id='line_1_39' title="bbox 170 2208 1574 2252; baseline 0.003 -11"><span class='ocrx_word' id='word_1_325' title='bbox 170 2208 278 2242; x_wconf 81' lang='lat' dir='ltr'>Plato</span> <span class='ocrx_word' id='word_1_326' title='bbox 303 2208 374 2240; x_wconf 82' lang='lat' dir='ltr'>and</span> <span class='ocrx_word' id='word_1_327' title='bbox 402 2208 463 2240; x_wconf 88' lang='lat' dir='ltr'>the</span> <span class='ocrx_word' id='word_1_328' title='bbox 492 2209 595 2242; x_wconf 85' lang='lat' dir='ltr'>other</span> <span class='ocrx_word' id='word_1_329' title='bbox 619 2208 859 2252; x_wconf 72' lang='lat' dir='ltr'>Companions</span> <span class='ocrx_word' id='word_1_330' title='bbox 883 2210 924 2243; x_wconf 83' lang='lat' dir='ltr'>of</span> <span class='ocrx_word' id='word_1_331' title='bbox 945 2210 1113 2244; x_wconf 78' lang='lat' dir='ltr'>Socrates</span> <span class='ocrx_word' id='word_1_332' title='bbox 1136 2221 1156 2244; x_wconf 90' lang='lat' dir='ltr'>e</span> <span class='ocrx_word' id='word_1_333' title='bbox 1179 2210 1345 2244; x_wconf 78' lang='lat' dir='ltr'>Platonis</span> <span class='ocrx_word' id='word_1_334' title='bbox 1369 2211 1574 2245; x_wconf 80' lang='lat' dir='ltr'>Theaeteto</span> 
     </span>
     <span class='ocr_line' id='line_1_40' title="bbox 172 2253 1575 2298; baseline 0.002 -13"><span class='ocrx_word' id='word_1_335' title='bbox 172 2262 263 2296; x_wconf 82' lang='lat' dir='ltr'>quae</span> <span class='ocrx_word' id='word_1_336' title='bbox 290 2253 399 2286; x_wconf 78' lang='lat' dir='ltr'>fuerit</span> <span class='ocrx_word' id='word_1_337' title='bbox 422 2253 646 2295; x_wconf 81' lang='lat' dir='ltr'>Protagorae</span> <span class='ocrx_word' id='word_1_338' title='bbox 672 2253 899 2296; x_wconf 79' lang='lat' dir='ltr'>philosophia</span> <span class='ocrx_word' id='word_1_339' title='bbox 922 2255 1093 2298; x_wconf 77' lang='lat' dir='ltr'>cognosci</span> <span class='ocrx_word' id='word_1_340' title='bbox 1116 2264 1223 2297; x_wconf 87' lang='lat' dir='ltr'>posse</span> <span class='ocrx_word' id='word_1_341' title='bbox 1246 2259 1456 2298; x_wconf 76' lang='lat' dir='ltr'>negaverat.</span> <span class='ocrx_word' id='word_1_342' title='bbox 1503 2255 1575 2288; x_wconf 85' lang='lat' dir='ltr'>Cui</span> 
     </span>
     <span class='ocr_line' id='line_1_41' title="bbox 172 2297 1574 2342; baseline 0.002 -12"><span class='ocrx_word' id='word_1_343' title='bbox 172 2297 389 2331; x_wconf 75' lang='lat' dir='ltr'>adversatus</span> <span class='ocrx_word' id='word_1_344' title='bbox 421 2299 478 2329; x_wconf 88' lang='lat' dir='ltr'>est</span> <span class='ocrx_word' id='word_1_345' title='bbox 508 2298 548 2329; x_wconf 89' lang='lat' dir='ltr'>E.</span> <span class='ocrx_word' id='word_1_346' title='bbox 580 2298 627 2331; x_wconf 88' lang='lat' dir='ltr'>M.</span> <span class='ocrx_word' id='word_1_347' title='bbox 654 2297 771 2340; x_wconf 89' lang='lat' dir='ltr'>Cope,</span> <span class='ocrx_word' id='word_1_348' title='bbox 804 2298 944 2332; x_wconf 77' lang='lat' dir='ltr'>Plato&#39;s</span> <span class='ocrx_word' id='word_1_349' title='bbox 979 2299 1213 2342; x_wconf 71' lang='lat' dir='ltr'>Theaetetus,</span> <span class='ocrx_word' id='word_1_350' title='bbox 1240 2299 1312 2332; x_wconf 78' lang='lat' dir='ltr'>end</span> <span class='ocrx_word' id='word_1_351' title='bbox 1342 2300 1399 2332; x_wconf 84' lang='lat' dir='ltr'>Mr</span> <span class='ocrx_word' id='word_1_352' title='bbox 1428 2300 1574 2333; x_wconf 82' lang='lat' dir='ltr'>Grote&#39;s</span> 
     </span>
     <span class='ocr_line' id='line_1_42' title="bbox 173 2337 1574 2396; baseline 0.002 -22"><span class='ocrx_word' id='word_1_353' title='bbox 173 2341 382 2375; x_wconf 84' lang='lat' dir='ltr'>criticisms.</span> <span class='ocrx_word' id='word_1_354' title='bbox 411 2340 637 2384; x_wconf 75' lang='lat' dir='ltr'>Cambridge.</span> <span class='ocrx_word' id='word_1_355' title='bbox 664 2343 758 2375; x_wconf 88' lang='grc'>1866.</span> <span class='ocrx_word' id='word_1_356' title='bbox 851 2341 886 2385; x_wconf 85' lang='grc'>4)</span> <span class='ocrx_word' id='word_1_357' title='bbox 911 2343 958 2376; x_wconf 83' lang='lat' dir='ltr'>ad</span> <span class='ocrx_word' id='word_1_358' title='bbox 982 2354 1016 2396; x_wconf 84' lang='lat' dir='ltr'>p.</span> <span class='ocrx_word' id='word_1_359' title='bbox 1044 2343 1142 2376; x_wconf 82' lang='grc'>1610</span> <span class='ocrx_word' id='word_1_360' title='bbox 1167 2340 1209 2377; x_wconf 78' lang='grc' dir='ltr'>τὸ</span> <span class='ocrx_word' id='word_1_361' title='bbox 1233 2342 1299 2376; x_wconf 76' lang='grc' dir='ltr'>τοῦ</span> <span class='ocrx_word' id='word_1_362' title='bbox 1318 2337 1574 2387; x_wconf 72' lang='grc' dir='ltr'><strong><em>Πρωταγόρου</em></strong></span> 
     </span>
     <span class='ocr_line' id='line_1_43' title="bbox 171 2378 1571 2431; baseline 0.001 -13"><span class='ocrx_word' id='word_1_363' title='bbox 171 2381 414 2430; x_wconf 73' lang='grc' dir='ltr'><strong><em>σύγγραμμα,</em></strong></span> <span class='ocrx_word' id='word_1_364' title='bbox 437 2380 480 2419; x_wconf 71' lang='grc' dir='ltr'>ἐν</span> <span class='ocrx_word' id='word_1_365' title='bbox 508 2378 536 2429; x_wconf 74' lang='grc' dir='ltr'><strong><em>ᾧ</em></strong></span> <span class='ocrx_word' id='word_1_366' title='bbox 561 2385 683 2419; x_wconf 83' lang='grc' dir='ltr'><strong><em>ταῦτα</em></strong></span> <span class='ocrx_word' id='word_1_367' title='bbox 714 2381 884 2427; x_wconf 76' lang='grc' dir='ltr'>δοξάζει.</span> <span class='ocrx_word' id='word_1_368' title='bbox 917 2381 1087 2431; x_wconf 75' lang='grc' dir='ltr'><em>ἄληθεια</em></span> <span class='ocrx_word' id='word_1_369' title='bbox 1115 2382 1289 2421; x_wconf 70' lang='grc' dir='ltr'>ἐκαλεῖτο</span> <span class='ocrx_word' id='word_1_370' title='bbox 1318 2382 1393 2421; x_wconf 78' lang='grc' dir='ltr'>ὑπὸ</span> <span class='ocrx_word' id='word_1_371' title='bbox 1419 2388 1571 2429; x_wconf 77' lang='grc' dir='ltr'><strong>Πρωτα-</strong></span> 
     </span>
     <span class='ocr_line' id='line_1_44' title="bbox 171 2425 1481 2475; baseline 0.001 -11"><span class='ocrx_word' id='word_1_372' title='bbox 171 2425 300 2475; x_wconf 71' lang='grc' dir='ltr'><strong><em>γόρου.</em></strong></span> <span class='ocrx_word' id='word_1_373' title='bbox 401 2427 436 2473; x_wconf 78' lang='grc'>5)</span> <span class='ocrx_word' id='word_1_374' title='bbox 462 2440 497 2472; x_wconf 85' lang='lat' dir='ltr'>p.</span> <span class='ocrx_word' id='word_1_375' title='bbox 524 2430 646 2471; x_wconf 79' lang='lat'>1610,</span> <span class='ocrx_word' id='word_1_376' title='bbox 674 2430 790 2471; x_wconf 64' lang='lat' dir='ltr'>lesa,</span> <span class='ocrx_word' id='word_1_377' title='bbox 818 2432 936 2470; x_wconf 76' lang='lat'>1561),</span> <span class='ocrx_word' id='word_1_378' title='bbox 963 2433 1075 2466; x_wconf 70' lang='lat'>17013.</span> <span class='ocrx_word' id='word_1_379' title='bbox 1122 2432 1181 2466; x_wconf 83' lang='lat' dir='ltr'>cf.</span> <span class='ocrx_word' id='word_1_380' title='bbox 1205 2431 1342 2474; x_wconf 67' lang='lat' dir='ltr'>ctatyl.</span> <span class='ocrx_word' id='word_1_381' title='bbox 1367 2432 1481 2466; x_wconf 73' lang='lat' dir='ltr'>aesc.</span> 
     </span>
     <span class='ocr_line' id='line_1_45' title="bbox 171 2473 1581 2519; baseline 0.001 -12"><span class='ocrx_word' id='word_1_382' title='bbox 171 2475 206 2517; x_wconf 87' lang='grc'>6)</span> <span class='ocrx_word' id='word_1_383' title='bbox 231 2474 362 2509; x_wconf 83' lang='lat' dir='ltr'>Rhein.</span> <span class='ocrx_word' id='word_1_384' title='bbox 385 2473 479 2507; x_wconf 82' lang='lat' dir='ltr'>Mus.</span> <span class='ocrx_word' id='word_1_385' title='bbox 504 2475 604 2508; x_wconf 77' lang='lat'>1850.</span> <span class='ocrx_word' id='word_1_386' title='bbox 627 2475 697 2509; x_wconf 88' lang='lat' dir='ltr'>VII</span> <span class='ocrx_word' id='word_1_387' title='bbox 720 2485 755 2517; x_wconf 89' lang='lat' dir='ltr'>p.</span> <span class='ocrx_word' id='word_1_388' title='bbox 778 2476 846 2508; x_wconf 80' lang='lat'>464</span> <span class='ocrx_word' id='word_1_389' title='bbox 869 2486 923 2518; x_wconf 86' lang='lat' dir='ltr'>sq.</span> <span class='ocrx_word' id='word_1_390' title='bbox 1052 2477 1088 2519; x_wconf 85' lang='grc'>7)</span> <span class='ocrx_word' id='word_1_391' title='bbox 1112 2475 1194 2511; x_wconf 72' lang='lat' dir='ltr'>adV.</span> <span class='ocrx_word' id='word_1_392' title='bbox 1217 2475 1388 2509; x_wconf 68' lang='lat' dir='ltr'>mathem.</span> <span class='ocrx_word' id='word_1_393' title='bbox 1412 2476 1483 2510; x_wconf 85' lang='lat' dir='ltr'>vn</span> <span class='ocrx_word' id='word_1_394' title='bbox 1506 2477 1581 2509; x_wconf 75' lang='grc'>660</span> 
     </span>
     <span class='ocr_line' id='line_1_46' title="bbox 171 2514 1574 2563; baseline 0 -9"><span class='ocrx_word' id='word_1_395' title='bbox 171 2514 422 2563; x_wconf 64' lang='grc' dir='ltr'>ἐναρχόμενος</span> <span class='ocrx_word' id='word_1_396' title='bbox 469 2516 538 2552; x_wconf 77' lang='grc' dir='ltr'>οὖν</span> <span class='ocrx_word' id='word_1_397' title='bbox 561 2518 636 2553; x_wconf 80' lang='grc' dir='ltr'>τῶν</span> <span class='ocrx_word' id='word_1_398' title='bbox 658 2514 976 2561; x_wconf 67' lang='grc' dir='ltr'><strong><em>καταβαλλόντων</em></strong></span> <span class='ocrx_word' id='word_1_399' title='bbox 992 2515 1233 2563; x_wconf 66' lang='grc' dir='ltr'>ἀνεφώνησε·</span> <span class='ocrx_word' id='word_1_400' title='bbox 1257 2514 1412 2554; x_wconf 67' lang='grc' dir='ltr'>πάντων</span> <span class='ocrx_word' id='word_1_401' title='bbox 1435 2531 1457 2563; x_wconf 71' lang='grc' dir='ltr'><em>χ</em></span> <span class='ocrx_word' id='word_1_402' title='bbox 1506 2515 1574 2563; x_wconf 75' lang='grc' dir='ltr'>μά·</span> 
     </span>
     <span class='ocr_line' id='line_1_47' title="bbox 177 2529 1574 2607; baseline 0 -10"><span class='ocrx_word' id='word_1_403' title='bbox 177 2574 250 2597; x_wconf 78' lang='grc' dir='ltr'>των</span> <span class='ocrx_word' id='word_1_404' title='bbox 279 2559 416 2606; x_wconf 67' lang='grc' dir='ltr'><strong>μέτρον</strong></span> <span class='ocrx_word' id='word_1_405' title='bbox 443 2529 545 2597; x_wconf 61' lang='grc' dir='ltr'><strong><em>ἔστὶν</em></strong></span> <span class='ocrx_word' id='word_1_406' title='bbox 576 2559 792 2605; x_wconf 71' lang='grc' dir='ltr'><em>ἄνθρωπος.</em></span> <span class='ocrx_word' id='word_1_407' title='bbox 927 2564 964 2607; x_wconf 91' lang='grc'>8)</span> <span class='ocrx_word' id='word_1_408' title='bbox 994 2564 1129 2606; x_wconf 83' lang='lat' dir='ltr'>Zeller,</span> <span class='ocrx_word' id='word_1_409' title='bbox 1160 2564 1295 2599; x_wconf 86' lang='lat' dir='ltr'>Philos.</span> <span class='ocrx_word' id='word_1_410' title='bbox 1326 2564 1360 2597; x_wconf 81' lang='lat' dir='ltr'>d.</span> <span class='ocrx_word' id='word_1_411' title='bbox 1386 2564 1493 2599; x_wconf 85' lang='lat' dir='ltr'>Griec</span> <span class='ocrx_word' id='word_1_412' title='bbox 1522 2589 1530 2596; x_wconf 94' lang='lat'>.</span> <span class='ocrx_word' id='word_1_413' title='bbox 1555 2565 1574 2597; x_wconf 93' lang='lat'>1</span> 
     </span>
     <span class='ocr_line' id='line_1_48' title="bbox 170 2607 1506 2653; baseline 0.001 -14"><span class='ocrx_word' id='word_1_414' title='bbox 170 2619 203 2651; x_wconf 92' lang='lat' dir='ltr'>p.</span> <span class='ocrx_word' id='word_1_415' title='bbox 229 2609 295 2642; x_wconf 80' lang='lat'>760</span> <span class='ocrx_word' id='word_1_416' title='bbox 317 2611 391 2642; x_wconf 86' lang='lat' dir='ltr'>not.</span> <span class='ocrx_word' id='word_1_417' title='bbox 439 2608 649 2647; x_wconf 83' lang='lat' dir='ltr'>Wecklein,</span> <span class='ocrx_word' id='word_1_418' title='bbox 675 2608 784 2651; x_wconf 86' lang='lat' dir='ltr'>Soph.</span> <span class='ocrx_word' id='word_1_419' title='bbox 809 2619 844 2651; x_wconf 86' lang='lat' dir='ltr'>p.</span> <span class='ocrx_word' id='word_1_420' title='bbox 868 2609 900 2643; x_wconf 80' lang='lat'>8.</span> <span class='ocrx_word' id='word_1_421' title='bbox 991 2607 1028 2652; x_wconf 87' lang='grc'>9)</span> <span class='ocrx_word' id='word_1_422' title='bbox 1053 2620 1087 2653; x_wconf 89' lang='lat' dir='ltr'>p.</span> <span class='ocrx_word' id='word_1_423' title='bbox 1114 2609 1224 2651; x_wconf 77' lang='lat'>1520,</span> <span class='ocrx_word' id='word_1_424' title='bbox 1252 2609 1363 2647; x_wconf 65' lang='lat'>1553,</span> <span class='ocrx_word' id='word_1_425' title='bbox 1391 2609 1506 2643; x_wconf 88' lang='grc'>1661).</span> 
     </span>
     <span class='ocr_line' id='line_1_49' title="bbox 172 2651 1579 2696; baseline 0.001 -11"><span class='ocrx_word' id='word_1_426' title='bbox 172 2651 227 2695; x_wconf 89' lang='grc'>10)</span> <span class='ocrx_word' id='word_1_427' title='bbox 253 2652 353 2688; x_wconf 88' lang='lat' dir='ltr'>Sext.</span> <span class='ocrx_word' id='word_1_428' title='bbox 376 2652 513 2695; x_wconf 83' lang='lat' dir='ltr'>Empir.</span> <span class='ocrx_word' id='word_1_429' title='bbox 537 2653 660 2696; x_wconf 83' lang='lat' dir='ltr'>hypot.</span> <span class='ocrx_word' id='word_1_430' title='bbox 686 2652 813 2695; x_wconf 82' lang='lat' dir='ltr'>Pyrrh.</span> <span class='ocrx_word' id='word_1_431' title='bbox 836 2652 855 2685; x_wconf 91' lang='grc' dir='ltr'>Ι</span> <span class='ocrx_word' id='word_1_432' title='bbox 878 2653 1051 2694; x_wconf 72' lang='lat' dir='ltr'>ele-19,</span> <span class='ocrx_word' id='word_1_433' title='bbox 1075 2651 1159 2688; x_wconf 80' lang='lat' dir='ltr'>adv.</span> <span class='ocrx_word' id='word_1_434' title='bbox 1183 2653 1294 2688; x_wconf 72' lang='lat' dir='ltr'>math.</span> <span class='ocrx_word' id='word_1_435' title='bbox 1318 2653 1389 2687; x_wconf 85' lang='lat' dir='ltr'>vn</span> <span class='ocrx_word' id='word_1_436' title='bbox 1412 2653 1579 2694; x_wconf 73' lang='lat'>59—04,</span> 
     </span>
     <span class='ocr_line' id='line_1_50' title="bbox 171 2696 1483 2742; baseline 0.002 -12"><span class='ocrx_word' id='word_1_437' title='bbox 171 2698 346 2739; x_wconf 77' lang='lat' dir='ltr'>ses-se,</span> <span class='ocrx_word' id='word_1_438' title='bbox 371 2697 478 2740; x_wconf 85' lang='lat' dir='ltr'>Diog.</span> <span class='ocrx_word' id='word_1_439' title='bbox 503 2697 570 2730; x_wconf 73' lang='lat' dir='ltr'>La.</span> <span class='ocrx_word' id='word_1_440' title='bbox 596 2697 647 2730; x_wconf 83' lang='lat' dir='ltr'>1x</span> <span class='ocrx_word' id='word_1_441' title='bbox 671 2698 704 2732; x_wconf 86' lang='lat'>8.</span> <span class='ocrx_word' id='word_1_442' title='bbox 835 2697 891 2740; x_wconf 88' lang='lat'>11)</span> <span class='ocrx_word' id='word_1_443' title='bbox 918 2708 952 2740; x_wconf 85' lang='lat' dir='ltr'>p.</span> <span class='ocrx_word' id='word_1_444' title='bbox 979 2698 1090 2733; x_wconf 80' lang='lat' dir='ltr'>156A.</span> <span class='ocrx_word' id='word_1_445' title='bbox 1226 2696 1284 2741; x_wconf 79' lang='lat'>12)</span> <span class='ocrx_word' id='word_1_446' title='bbox 1307 2708 1343 2742; x_wconf 79' lang='lat' dir='ltr'>p.</span> <span class='ocrx_word' id='word_1_447' title='bbox 1370 2697 1483 2733; x_wconf 69' lang='lat' dir='ltr'>teu.</span> 
     </span>
     <span class='ocr_line' id='line_1_51' title="bbox 262 2739 1237 2785; baseline 0.001 -11"><span class='ocrx_word' id='word_1_448' title='bbox 262 2740 321 2784; x_wconf 85' lang='lat'>13)</span> <span class='ocrx_word' id='word_1_449' title='bbox 346 2752 382 2784; x_wconf 79' lang='lat' dir='ltr'>p.</span> <span class='ocrx_word' id='word_1_450' title='bbox 409 2741 568 2783; x_wconf 75' lang='grc' dir='ltr'>156Α1),</span> <span class='ocrx_word' id='word_1_451' title='bbox 595 2742 708 2775; x_wconf 69' lang='grc'>1521).</span> <span class='ocrx_word' id='word_1_452' title='bbox 802 2739 856 2785; x_wconf 74' lang='lat'>14)</span> <span class='ocrx_word' id='word_1_453' title='bbox 881 2752 915 2784; x_wconf 83' lang='lat' dir='ltr'>p.</span> <span class='ocrx_word' id='word_1_454' title='bbox 942 2742 1097 2783; x_wconf 77' lang='lat' dir='ltr'>151AB,</span> <span class='ocrx_word' id='word_1_455' title='bbox 1122 2742 1237 2777; x_wconf 80' lang='lat'>1521).</span> 
     </span>
    </p>
   </div>
  </div>
 </body>
</html>
