1748 2944
225 105 246 145 1
254 103 306 145 10
786 106 991 142 ΠΛΑΤΩΝ
994 107 1058 142 ΟΣ

136 226 199 259 167
224 221 331 276 γενῆ
357 219 514 277 ἑαυτῆς
539 219 700 298 χρηστὴ
727 222 905 279 ἐποίησε
929 220 1108 276 δοξάσαι
1133 224 1257 278 ἕτερα
1280 228 1482 280 τοιαῦτα,
1512 222 1542 270 ti
1565 224 1626 283 δή

221 303 337 338 τινες
359 283 412 330 τὰ
434 286 721 344 φαντάσματα
744 283 832 332 ὑπὸ
856 284 1056 346 ἀπειρίας
1087 287 1236 347 ἀληθῆ
1267 292 1497 348 καλοῦσιν,
1534 292 1618 350 ἐγώ

224 351 273 397 δὲ
297 355 455 409 βελτίω
478 352 559 410 μὲν
582 352 634 398 τὰ
657 355 783 411 ἔτερα
801 372 890 400 των
910 355 1085 412 ἑτέρων,
1109 353 1382 415 ἀληθέστερα
1408 357 1457 402 δὲ
1474 355 1617 404 ουδέν.

221 419 296 463 καὶ
318 418 422 471 τοὺς
446 418 633 477 σοφούς,
670 413 704 464 ὦ
727 423 830 477 φίλε
853 419 1086 479 Σώκρατες
1101 457 1112 479 ,
1148 425 1315 468 πολλοῦ
1347 426 1433 469 δέω
1457 424 1620 482 βατρά-

221 503 325 542 χους
349 487 519 543 λέγειν,
544 484 654 531 ἀλλά
678 485 786 531 κατὰ
816 487 898 545 μὲν
929 501 1106 546 σωματα
1138 489 1313 546 ἰατροὺς
1343 491 1479 547 λέγω,
1512 491 1659 537 nands

223 551 273 597 δὲ
305 552 422 609 φυτὰ
453 553 688 610 γεωργούς.
742 554 855 611 φημὶ
894 552 977 611 γὰρ
1017 555 1090 600 καὶ
1126 554 1306 608 τούτους
1340 567 1430 610 τοῖς
1464 568 1620 615 φυτοῖς

221 616 319 663 ἀντὶ
342 622 550 676 πονηρῶν
581 617 858 677 αἰσθήσεων,
889 618 996 666 ὅταν
1029 640 1071 666 τι
1105 620 1252 667 αὐτῶν
1286 620 1480 682 άσθενῇ,
1512 643 1620 682 χρη-

170 690 198 724 C
223 684 326 738 στὰς
349 687 422 730 καὶ
444 684 640 743 ὑγιεινὰς
665 685 896 744 αἰσθήσεις
918 705 964 732 τε
988 688 1061 732 καὶ
1079 685 1261 745 ἀληθεῖς
1281 692 1493 747 ἐμποιεῖν,
1515 690 1619 744 τοὺς

222 752 275 796 δέ
293 769 344 809 γε
368 750 533 809 σοφούς
556 771 603 798 τε
626 754 699 798 καὶ
723 751 920 810 ἀγαθοὺς
944 752 1129 812 ῥήτορας
1147 765 1240 807 ταῖς
1264 755 1415 801 πόλεσι
1436 756 1489 802 τὰ
1512 776 1618 815 χρη-

220 817 301 863 στὰ
324 816 423 864 ἀντὶ
454 821 543 864 τῶν
566 821 773 877 πονηρῶν
807 823 954 865 δίκαια
988 825 1135 866 δοκεῖν
1168 821 1280 867 εἶναι
1309 832 1465 869 ποιεῖν.
1525 826 1620 869 ἐπεὶ

220 881 291 930 οἷά
315 883 355 942 γ’
384 882 440 930 ἂν
463 883 622 943 ἑκάστῃ
655 885 778 932 πόλει
803 890 952 932 δίκαια
975 889 1049 932 καὶ
1081 888 1190 932 καλὰ
1217 892 1349 947 δοκῇ,
1385 894 1522 935 ταῦτα
1546 891 1619 936 καὶ

221 949 334 997 εἶναι
357 949 493 1010 αὐτῇ,
527 951 607 1005 ἐ’ως
631 948 688 997 α”ν
712 951 822 998 αὐτοὶ
845 958 1020 1012 νομίζῃ·
1055 952 1151 998 ἀλλ’
1179 953 1202 999 ὁ
1235 954 1369 1012 σοφὸς
1401 954 1500 1002 ἀντὶ
1535 975 1616 1002 πο-

219 1020 369 1076 νηρῶν
392 1016 535 1064 ὅντων
559 1015 709 1071 αὐτοῖς
743 1018 938 1065 ἑκάστων
968 1021 1131 1078 χρηστὰ
1163 1024 1368 1079 ἐποίησεν
1401 1022 1513 1068 εἶναι
1545 1025 1618 1069 καὶ

222 1087 383 1131 δοκεῖν.
444 1084 554 1130 κατὰ
595 1085 643 1130 δὲ
673 1085 753 1131 τὸν
783 1084 918 1132 αὐτὸν
952 1085 1082 1144 λόγον
1114 1088 1186 1132 καὶ
1217 1084 1240 1132 ὁ
1275 1088 1485 1147 σοφιστὴς
1516 1090 1618 1144 τούς

219 1152 564 1209 παιδευομένους
589 1150 703 1197 οὕτω
730 1151 972 1211 δυνάμενος
996 1158 1294 1211 παιδαγωγεῖν
1318 1155 1452 1213 σοφός
1475 1173 1522 1201 τε
1544 1157 1618 1202 καὶ

163 1225 197 1258 D
220 1215 339 1272 ἄξιος
362 1221 538 1264 πολλῶν
563 1217 794 1277 χρημάτων
816 1230 907 1272 τοῖς
937 1224 1230 1266 παιδευθεῖσι.
1290 1222 1363 1266 καὶ
1395 1220 1508 1268 οὕτω
1540 1238 1616 1268 σο-

219 1283 413 1343 φώτεροί
432 1286 483 1330 τέ
498 1289 610 1331 εἰσιν
634 1283 772 1343 ἕτεροι
795 1287 957 1345 ἑτέρων
981 1288 1053 1332 καὶ
1087 1285 1234 1341 οὐδεὶς
1259 1291 1402 1346 ψευδῆ
1436 1288 1617 1346 δοξάζει,

1402 1406 1425 1458 ἢ

310 1449 326 1479 1
354 1441 471 1491 αὐτῆς
494 1458 512 1480 e
529 1448 702 1502 Stephani
726 1450 935 1482 coniectura
953 1451 1058 1490 Has„
1076 1444 1193 1493 fava]
1214 1450 1278 1484 ΠΙε

218 1491 286 1535 τῆς
309 1491 358 1527 *ς
374 1493 472 1526 Hrm.
567 1490 588 1536 ἡ
607 1489 746 1536 χρηστή
772 1494 878 1526 Hech.

220 1536 287 1577 (kl.
305 1536 405 1568 sehr.
423 1547 457 1579 p.
476 1538 540 1569 ‘207
558 1539 642 1588 sq..)

218 1591 320 1623 ματα
337 1590 370 1618 ς
462 1580 523 1613 6δ
501 1578 544 1614 ὲ
562 1592 610 1614 τα
628 1578 730 1623 φυτὰ
750 1582 853 1615 PH2.

779 1540 800 1570 ὃ
822 1548 893 1579 μεν
916 1533 1067 1590 σώματα
1085 1506 1370 1588 ‘21A0H'0p.‚I›‘Ick

947 1584 967 1615 8
984 1577 1155 1634 ὐγιεινάς
1173 1594 1210 1616 τε
1230 1550 1429 1627 αἰσθήσεις
1445 1582 1511 1616 καὶ
1528 1578 1617 1634 άλη-

1282 1445 1448 1494 ,ἕαυτης
1464 1452 1513 1489 E,
1531 1445 1619 1485 ἑαυ-

957 1494 1116 1544 χρηστῇ
1137 1495 1225 1535 de.
1250 1496 1426 1538 probante
1450 1497 1618 1530 Dissenio

1394 1536 1465 1581 μὲν
1487 1536 1532 1572 τοὶ
1550 1537 1618 1573 σώ-

218 1625 306 1662 θεις
329 1628 393 1657 aut
418 1620 588 1668 ὑγιεινάς
610 1636 650 1659 τε
672 1623 739 1659 καὶ
762 1620 924 1676 ἀληθεῖς
947 1622 1148 1704 αἰσθανίσεις
1171 1628 1263 1661 coni.
1287 1628 1390 1669 Harl,
1415 1623 1617 1680 αἰσθήσεις

221 1666 276 1712 [τε
293 1667 359 1702 καὶ
376 1662 422 1702 άλ
425 1666 556 1712 ηθεῖς]
581 1671 655 1703 Ast.
667 1666 922 1714 ,[αἰσθήσεις
945 1682 985 1704 τε
1008 1682 1055 1703 κα

217 1713 333 1753 θείας
351 1724 369 1746 e
388 1713 708 1747 Schleiermaeheri
726 1715 937 1748 coniectura
955 1726 1026 1748 ree.
1044 1715 1114 1748 Stb.

218 1759 317 1791 Hrm.
340 1769 385 1791 ex
407 1758 606 1791 Heindorfii
628 1759 847 1792 coniectura.

218 1813 389 1837 mnemos.
406 1802 438 1833 V
455 1813 489 1845 p.
509 1804 584 1836 105.

215 1935 327 1967 talem
359 1945 543 1967 numerum
575 1945 642 1968 usu
674 1946 743 1969 non
776 1937 881 1968 raris-

215 1980 332 2013 simo)
372 1980 527 2014 STALLB.
567 1980 623 2014 Cf.
646 1990 679 2031 p.
705 1981 807 2013 1761)
832 1979 881 2022 τῷ

216 2015 283 2057 οὖν
298 2017 570 2057 ἀδικοῦντικαὶ
583 2019 718 2057 άνοσια
734 2016 881 2078 λέγοντι

215 2060 252 2119 ἢ
261 2063 463 2119 πράττοντι
492 2068 621 2112 μακρῷ
648 2063 770 2121 ἄριστ’
803 2066 880 2111 ἔχει

214 2107 256 2144 τὸ
280 2109 330 2155 μὴ
355 2121 423 2155 συγ
449 2115 562 2154 ωρειν
578 2104 691 2163 δεινῷ
714 2108 787 2147 ὑπὸ
808 2124 880 2146 πα-

215 2157 428 2207 νουογίεας
448 2168 524 2189 ναι.
564 2147 793 2199 ἀγάλλονται
810 2155 881 2200 γὰρ

214 2200 264 2245 τῷ
281 2195 435 2235 ὀνείδει.

261 2258 277 2288 1
297 2248 321 2288 ἃ
343 2272 387 2279 -
409 2251 454 2289 τοὶ
479 2253 742 2299 φαντάσματα.
778 2258 879 2298 Quae

213 2300 259 2333 ad
291 2300 473 2333 notionem
506 2301 663 2342 aliquam
697 2301 880 2343 explican-

213 2345 293 2377 dam
311 2345 591 2387 accuratiusque
609 2344 879 2387 significandam

212 2398 277 2431 per
299 2390 518 2431 epexegesin
540 2389 739 2430 adduntur,
768 2400 878 2432 saepe

213 2433 335 2475 aliquo
357 2433 552 2466 intervallo
575 2434 620 2466 ab
643 2434 790 2466 notione
814 2434 879 2466 illa

213 2478 464 2520 seiunguntur.
483 2478 540 2512 cf.
553 2489 587 2520 p.
604 2471 880 2520 196Αᾶφαμεν

213 2516 314 2556 ἔχει
326 2532 374 2564 μν
402 2524 491 2564 μεια
509 2517 554 2555 ἐν
573 2521 627 2566 τῷ
652 2517 878 2566 ἐκμαγείῳ

213 2562 325 2600 εἶναι.
413 2566 436 2599 f.
478 2567 607 2601 Braun.
647 2566 689 2599 de
729 2559 877 2610 hyperb.

212 2610 308 2643 Plat.
328 2621 360 2653 p.
380 2612 432 2644 19.

256 2668 278 2699 4
313 2661 533 2709 βατράχους.
596 2663 648 2698 Cf.
684 2677 718 2709 p.
755 2667 877 2699 1611).

211 2711 310 2743 Hor.

256 2767 277 2799 8
310 2760 480 2809 ὑγιεινὰς
507 2761 707 2809 αἰσθήσεις
740 2775 779 2799 τε
813 2764 878 2799 καὶ

1098 1666 1302 1715 ἀληθείας]
1288 1652 1433 1715 ]H.s·0l2.
1515 1640 1616 1715 άλη-

1223 1718 1264 1749 10
1286 1716 1417 1749 δοκειν
1434 1715 1498 1749 καὶ
1517 1713 1617 1751 εἶναι

987 1762 1023 1792 11
1051 1755 1114 1793 οἷά
1137 1756 1189 1803 γ’]
1222 1753 1308 1793 ἅττ’
1327 1760 1366 1796 C.
1385 1761 1427 1795 G.
1446 1761 1615 1802 Cobetus‚

950 1931 1122 1980 ἀληθεῖς.
1171 1939 1223 1971 De
1242 1948 1281 1971 τε
1304 1939 1460 1971 traiecto
1484 1938 1615 1980 Engel-

950 1981 1100 2015 hardtus
1124 1983 1170 2014 ad
1197 1982 1308 2015 Laeh.
1335 1981 1433 2015 1950
1458 1983 1615 2015 conferri

950 2026 1052 2058 iubet
1066 2026 1247 2061 Charmid.
1263 2027 1362 2059 166ss
1378 2026 1478 2058 167A
1494 2027 1612 2061 Meno.

949 2070 1028 2103 990
1047 2074 1084 2103 et
1101 2070 1173 2105 ind.
1193 2071 1239 2103 ad
1257 2075 1339 2103 tom.
1353 2070 1404 2104 1v
1421 2069 1505 2105 dial.
1521 2070 1613 2103 Plat.

949 2114 1004 2149 ed.
1023 2115 1213 2149 Heindorf.

996 2171 1036 2202 10
1053 2168 1182 2203 δοκεῖν
1196 2166 1305 2205 εἶναι.
1323 2169 1517 2202 ‘Bonorum
1535 2169 1614 2201 rhe-

949 2217 1065 2246 torum
1084 2223 1163 2246 esse
1182 2213 1287 2255 dicit,
1312 2214 1433 2246 facere
1451 2217 1492 2245 ut
1506 2213 1616 2246 utilia

949 2258 1028 2290 loco
1041 2258 1212 2291 malorum
1221 2258 1363 2291 civitati
1379 2258 1390 2289 i
1400 2267 1423 2290 u
1433 2261 1499 2289 sta
1513 2267 1532 2290 e
1542 2268 1582 2290 ss
1593 2268 1612 2290 e

948 2302 1203 2343 videantur3
1228 2313 1310 2336 nam
1333 2311 1426 2344 quae
1444 2301 1541 2334 iusta
1557 2301 1613 2334 illi

948 2346 1159 2387 videantur,
1182 2348 1278 2380 iusta
1304 2347 1415 2379 etiam
1438 2345 1492 2378 ini
1519 2356 1610 2379 esse.

948 2391 1065 2433 Atque
1081 2391 1133 2424 sie
1175 2391 1314 2424 ervenit
1332 2390 1494 2422 demum'
1485 2400 1522 2422 m
1535 2401 1613 2432 pro—

948 2435 1053 2468 ximis
1077 2435 1148 2468 ad
1138 2446 1150 2467 1
1167 2434 1226 2467 lud
1243 2431 1342 2468 εἶναι
1358 2433 1435 2467 καὶ
1452 2433 1612 2467 δοκεῖν)

946 2480 1213 2512 Bu‘rnumws

993 2537 1033 2568 13
1067 2530 1196 2573 αὐτοῖς
1224 2545 1248 2568 1.
1264 2545 1295 2567 e.
1323 2535 1402 2571 τοις
1424 2533 1610 2574 πολίταις,

946 2580 1040 2621 quod
1057 2588 1098 2611 ex
1114 2574 1222 2612 πόλει
1239 2578 1463 2611 eliciendum.

992 2635 1032 2666 16
1072 2629 1177 2676 ἄξιος
1214 2632 1361 2667 πολλῶν
1399 2628 1609 2676 χρημάτων.

946 2678 1088 2712 Summo
1127 2678 1239 2721 igitur
1277 2678 1352 2710 iure
1392 2678 1612 2720 Protagoras

946 2723 1080 2764 aliique
1110 2722 1294 2765 sophistae
1323 2722 1516 2764 pecuniam
1549 2731 1610 2754 ae·

945 2772 1121 2810 ceperunt
1145 2777 1208 2810 pro
1225 2766 1468 2803 institutione,

1637 841 1671 865 10

1637 1172 1670 1197 15
