1716 2970
628 145 1012 181 PROLEGOMENA.
1489 143 1547 187 45

118 264 345 317 Repetitum
367 268 426 303 est
445 261 540 303 illud
561 263 619 301 in:
650 260 789 302 Kleine
818 258 1047 300 lateinische
1076 258 1157 299 und
1184 258 1373 300 deutsche
1395 259 1545 300 Schrif-

119 326 185 361 ten
206 333 283 360 von
303 320 346 360 L.
369 320 518 360 Dissen.
542 331 580 371 p.
601 314 839 358 203—209.

232 377 276 416 D.
299 377 346 417 H.
366 374 606 416 Hoenebeek
626 373 803 418 Hissink‚
825 371 1195 414 Animadversiones
1217 372 1376 412 criticae
1397 373 1437 411 in
1459 371 1546 412 Pla-

118 434 222 474 tonis
242 433 390 485 aliquot
410 431 598 483 dialogos.
630 430 876 470 Daventriae.
912 426 1035 470 1845.

231 489 483 530 Hermannus
510 488 666 534 Bonitz,
696 487 740 527 Ε.
765 486 994 531 Hoffmann,
1026 485 1071 526 G.
1093 484 1260 530 Linker,
1291 484 1545 537 Spicilegium

119 547 300 586 criticum
320 544 530 598 philologis
559 550 597 584 et
626 543 866 596 paedagogis
887 542 1120 583 Germaniae
1151 555 1184 582 a.
1211 539 1319 582 1858
1346 541 1546 582 Vindobo-

118 613 192 642 nae
214 606 446 642 conventum
469 600 676 652 agentibus
696 601 840 640 xenion
861 598 1104 640 obtulerunt.
1135 611 1174 651 p.
1195 596 1377 639 22-27.

230 657 394 698 Carolus
416 657 612 702 Badham,
634 655 807 709 Epistola
830 655 879 695 ad
901 660 1080 696 senatum
1101 655 1407 707 Lugdunensem
1430 655 1544 695 Bata·

121 726 259 754 vorum
282 715 454 766 praefixa
475 714 651 754 Platonis
671 712 841 765 Euthyd.
866 719 902 752 et
922 711 1095 752 Lacheti.
1128 711 1293 752 Londin.
1319 709 1441 753 1865.

228 770 421 811 Martinus
443 770 614 815 Schanz‚
638 770 849 822 Specimen
879 769 1060 809 criticum
1086 769 1134 809 ad
1155 767 1362 809 Platonem
1384 775 1423 809 et
1444 768 1544 810 Cen-

115 827 292 867 sorinum
313 828 528 880 pertinens.
562 828 781 878 Gottingae.
808 823 929 866 1867.

230 884 459 935 Sequuntur
488 889 603 923 notae
625 883 820 922 editorum
851 881 1098 932 aliorumque
1125 882 1301 921 virorum
1323 881 1544 928 doctorum,

116 951 286 993 quorum
309 940 602 980 emendationes
623 939 869 992 frequentius
890 937 1108 978 laudandae
1129 938 1311 978 fuerunt:

173 997 254 1036 Ast.
265 1011 278 1035 .·
340 996 514 1036 Platonis
550 1007 650 1048 quae
680 999 833 1036 exstant
860 1006 994 1047 opera.
1036 994 1130 1035 Rec.
1152 994 1380 1035 Fridericus
1394 996 1543 1036 Astius.

339 1053 450 1092 Tom.
473 1052 518 1092 II.
552 1052 719 1103 Lipsiae.
745 1049 867 1092 1820.

172 1109 304 1149 mels..-
342 1108 515 1149 Platonis
544 1108 688 1160 dialogi
709 1109 859 1149 Graece
887 1113 926 1147 et
945 1107 1084 1148 Latine
1113 1120 1159 1148 ex
1189 1120 1269 1148 rec.
1292 1107 1546 1149 Immauuelis

338 1164 521 1206 Bekkeri.
553 1165 661 1205 Part.
682 1164 717 1205 II
739 1164 812 1204 vol.
840 1163 875 1204 1.
909 1163 1095 1204 Berolini.
1121 1162 1242 1206 1817.

173 1223 279 1262 Btt..·
337 1221 508 1274 Philippi
527 1222 755 1261 Buttmanni
776 1220 1155 1268 animadversiones,
1189 1234 1289 1274 quae
1310 1221 1349 1261 in
1372 1221 1544 1262 editione

337 1277 555 1318 Heindorfii
574 1277 773 1329 leguntur.

174 1335 282 1384 Cpl..·
338 1334 463 1374 Lewis
485 1332 704 1386 Campbell,
728 1334 838 1373 cuius
859 1333 1070 1373 editionem
1092 1346 1131 1386 p.
1158 1333 1179 1374 1
1202 1333 1456 1375 laudavimus.

172 1390 300 1438 de.:
336 1390 433 1430 Lud.
455 1390 560 1430 Frid.
583 1390 846 1430 Heindorfius.
881 1389 937 1430 Cf.
959 1402 998 1441 p.
1020 1388 1089 1429 44.

172 1447 312 1487 Hrm..·
337 1446 511 1486 Platonis
532 1446 675 1498 dialogi
702 1445 918 1486 secundum
942 1445 1137 1498 Thrasylli
1165 1446 1391 1499 tetralogias
1413 1447 1542 1499 dispo-

337 1503 412 1542 siti.
443 1503 501 1543 Ex
519 1504 788 1554 recognitione
802 1501 932 1542 Caroli
946 1503 1140 1543 Friderici
1154 1503 1382 1544 Hermanni.
1415 1503 1540 1544 v01.1.

336 1558 505 1611 Lipsiae.
530 1557 651 1600 1856.

171 1614 320 1655 Hsch.:
339 1615 513 1656 Platonis
533 1627 653 1667 opera
675 1628 721 1655 ex
744 1616 977 1655 recensione
997 1615 1043 1655 R.
1066 1616 1110 1656 B.
1132 1616 1357 1669 Hirschigii.
1391 1618 1540 1658 Graece

339 1677 376 1712 et
396 1671 545 1712 Latine.
577 1672 661 1711 Vol.
681 1672 709 1711 I.
741 1672 914 1712 Parisiis.
940 1670 1059 1713 1856.

171 1727 275 1767 Stb.:
338 1728 584 1769 Godorredus
606 1727 899 1768 Stallbaumius.
932 1728 989 1769 Cf.
1012 1742 1050 1782 p.
1075 1728 1112 1769 1.

177 1783 271 1824 Tur.
283 1797 297 1825 .·
339 1784 512 1824 Platonis
540 1797 660 1837 opera
690 1797 790 1837 quae
818 1784 1001 1825 feruntur
1023 1786 1168 1825 omnia.
1210 1786 1540 1838 Recognoverunt

336 1840 390 1880 lo.
414 1841 605 1892 Georgius
626 1842 806 1881 Baiterus
827 1842 880 1880 lo.
899 1842 1045 1893 Caspar
1067 1841 1238 1883 Orellius
1257 1844 1355 1895 Aug.
1379 1843 1539 1884 Guiliel-

338 1908 425 1936 mus
446 1897 804 1937 Winckelmannus.
836 1898 983 1937 Turici.
1009 1896 1130 1939 1839.

178 1953 290 2001 qu
337 1951 495 1992 Platons
509 1952 663 1993 Werke.
698 1954 925 1994 Griechisch
947 1954 1028 1994 und
1047 1955 1220 1995 Deutsch
1235 1956 1305 1995 mit
1321 1955 1537 1997 kritischen

339 2008 418 2047 und
444 2008 706 2049 erklarenden
722 2010 1040 2062 Anmerkungen.
1071 2011 1155 2051 XX.
1172 2010 1281 2052 Thl.:
1305 2011 1540 2053 Theaetetus

340 2066 426 2114 (von
449 2065 490 2105 F.
518 2064 573 2104 W.
598 2064 793 2118 Wagner).
826 2066 998 2119 Leipzig.
1022 2065 1144 2108 1855.
