1748 2944
45 1518 79 1543 20

646 89 945 126 ΘΕΑΙΤΗΤΟΣ.

1431 84 1514 127 109

88 211 234 259 ὄντων
270 212 342 256 καὶ
374 208 453 268 μή·
495 212 657 267 μυρίον
697 209 846 265 μέντοι
890 206 1120 265 διαφέρειν
1161 205 1314 262 ἕτερον
1357 204 1512 261 ἑτέρου

92 278 213 341 αὐτῷ
237 278 402 340 τούτῳ,
426 274 493 323 ὅτι
515 279 576 336 τῷ
601 275 684 334 μὲν
707 273 819 319 ἄλλα
844 279 934 319 ἔστι
959 293 1005 320 τε
1030 275 1104 318 καὶ
1127 274 1436 333 φαίνεται,τῷ
1462 272 1513 317 δὲ

91 346 215 394 ἄλλα.
253 348 328 392 καὶ
351 349 516 402 σοφίαν
540 345 613 389 καὶ
638 341 780 400 σοφὸν
804 340 947 398 ἄνδρα
971 343 1139 387 πολλοῦ
1166 341 1252 385 δέω
1277 337 1325 384 τὸ
1350 337 1410 396 μὴ
1429 337 1513 394 φά-

93 436 167 462 ναι
192 415 328 496 sivan?
359 409 461 458 ἀλλ’
488 410 626 457 αὐτὸν
649 412 809 456 τοῦτον
833 411 906 455 καὶ
932 410 1045 467 λέγω
1070 407 1234 466 σοφόν,
1262 403 1312 460 ὂς
1337 426 1394 452 αν
1426 426 1513 452 τινι

57 483 245 542 ὅῆμῶν,
282 475 317 544 ᾦ
348 486 554 539 φαίνεται
595 481 670 524 καὶ
708 482 800 524 ἔστι
842 476 979 535 κακά,
1022 474 1312 535 μεταβάλλων
1348 473 1512 534 ποιήσῃ

93 549 244 610 ἆγαθα
276 553 527 609 φαίνεσθαί
555 565 603 593 τε
637 548 711 592 καὶ
747 545 874 592 εἶναι.
911 545 990 592 τὸν
1023 546 1072 591 δε
1104 544 1237 602 λόγον
1270 536 1326 589 αὖ
1358 541 1421 628 μὴ
1453 545 1515 604 τῷ

92 618 257 678 ῥήματί
274 636 361 676 μου
387 620 545 673 δίωκε,
570 613 667 660 ἀλλ’
693 607 781 660 ωδε
800 619 862 660 ἔτι
886 615 1192 672 σαφέστερον
1187 610 1303 658 ιιάθε
1320 616 1367 656 τί
1382 613 1509 669 λέγω.

91 684 188 733 οἷον
222 685 307 743 γὰρ
344 686 391 730 ἐν
422 695 513 738 τοῖς
545 683 745 739 πρόσθεν
779 683 948 740 ἐλέγετο
981 679 1317 740 ἀναμνήσθητι,
1353 677 1421 725 ὅτι
1455 681 1515 740 τῷ

92 773 174 813 μεν
191 751 464 799 ἀσθενοῦντι
496 749 631 808 πικροὶ
662 755 871 809 φαίνεται
903 747 930 795 ἃ
957 752 1100 795 ἐσθίει
1123 750 1196 794 καὶ
1221 753 1336 804 ἔστι,
1369 750 1430 809 τῷ
1467 747 1516 792 δε

42 842 76 868 10
94 821 342 880 ὑγιαίνοντι
367 816 582 866 τάναντία
600 824 690 865 ἔστι
708 819 782 863 καὶ
801 821 1018 876 φαίνεται.
1053 814 1308 875 σοφώτερον
1326 815 1410 874 μὲν
1433 815 1517 861 οὐν

93 889 265 936 τούτων
299 886 536 946 οὐδέτερον
561 891 634 932 δεῖ
662 890 863 944 ποιῆσαι·
902 884 1008 932 οὐδὲ
1039 883 1123 943 γὰρ
1156 882 1371 929 δυνατόν·
1409 880 1515 929 οὐδὲ

94 956 415 1015 κατηγορητέον
451 954 510 1009 ὥς
543 953 566 1000 ὅ
592 954 674 1012 μὲν
699 952 881 1012 κάμνων
905 952 1108 1012 ἀμαθής,
1140 951 1207 998 ὅτι
1231 953 1413 997 τοιαῦτα
1438 955 1516 997 δο-

93 1025 229 1082 ξάζει,
266 1022 290 1070 ὁ
315 1024 365 1069 δὲ
387 1019 608 1081 ὑγιαίνων
633 1020 793 1080 σοφός,
830 1020 897 1067 ὅτι
931 1018 1108 1067 ἀλλοῖα·
1146 1021 1444 1079 μεταβλητέον
1471 1018 1512 1064 δ’

97 1095 166 1138 ἐπὶ
190 1090 380 1147 θάτερα·
405 1089 603 1150 ἀμείνων
627 1090 710 1148 γὰρ
736 1091 762 1148 ἡ
788 1091 913 1147 ἑτέρα
939 1091 1036 1143 ἕξις.
1075 1086 1191 1135 οὕτω
1219 1088 1268 1133 δὲ
1293 1088 1366 1133 καὶ
1393 1089 1440 1133 ἐν
1467 1090 1518 1147 τῇ

45 1179 78 1205 15
96 1164 277 1220 παιδείᾳ
313 1157 400 1204 ἀπὸ
437 1160 585 1215 ἑτέρας
623 1161 750 1212 ἕξεως
789 1159 858 1203 ἐπὶ
894 1156 975 1215 τὴν
1007 1154 1175 1215 ἀμείνω
1206 1157 1516 1214 μεταβλητέον.

96 1224 196 1273 ἀλλ’
222 1225 244 1272 ὁ
277 1227 360 1286 μὲν
386 1225 532 1284 ἰατρὸς
564 1224 812 1284 φαρμάκοις
839 1224 1126 1283 μεταβάλλει,
1163 1222 1186 1270 ὅ

96 1293 254 1352 λόγοις.

96 1360 244 1421 ἀληθῆ
278 1364 455 1419 ἐποίησε
493 1360 700 1416 δοξάζειν.

1224 1225 1273 1269 δὲ
1305 1222 1518 1282 σοφιστὴς

311 1295 405 1339 ἐπεὶ
441 1292 495 1339 οὔ
518 1298 565 1339 τί
585 1313 634 1351 γε
657 1297 802 1351 ψευδῆ
838 1291 1073 1348 δοξάζοντά
1104 1296 1170 1345 τίς
1200 1311 1300 1337 τινα
1331 1288 1519 1348 ὕστερον

754 1359 856 1407 οὔτε
891 1360 974 1418 γὰρ
1007 1359 1060 1406 τοὶ
1093 1358 1151 1418 μὴ
1183 1356 1290 1405 ὄντα
1324 1359 1519 1405 δυνατὸν

99 1428 298 1487 δοξάσαι,
340 1427 444 1475 οὔτε
484 1427 595 1474 ἄλλα
636 1427 740 1485 παρ’
789 1426 816 1473 ὁὶ
857 1426 913 1474 ἂν
954 1427 1123 1488 πάσχῃ·

1177 1429 1316 1473 ταῦτα
1362 1427 1412 1473 δὲ
1448 1426 1517 1472 ἀεὶ

1544 961 1607 993 167

97 1496 257 1556 ἀληθῆ.
297 1495 396 1542 ἀλλ’
419 1496 564 1555 οἶμαι,
590 1499 787 1554 πονηρᾶς
821 1498 963 1555 ψυχῆς
997 1498 1083 1551 ἕξει
1116 1494 1374 1551 δοξάζοντας
1408 1510 1518 1553 συγ-
1541 1506 1571 1538 Β

188 1620 208 1652 3
226 1613 267 1651 τὸ
286 1618 408 1653 ςὶίΛΠ
422 1618 516 1660 8ιό.,
534 1620 602 1651 τοῦ
619 1618 713 1651 coni.
733 1617 963 1661 Stephanus,
988 1617 1038 1661 τῷ
1057 1626 1096 1655 ς,
1123 1628 1191 1650 om.
1211 1618 1301 1658 de.

98 1703 171 1752 ήσῃ
192 1709 300 1750 ΗάΙῖ,
325 1705 476 1751 ποιήσει
494 1708 543 1749 Ξ,
569 1703 724 1762 ποιήσοξε
747 1708 796 1750 Ε,
819 1702 972 1763 ποιήσει
995 1717 1028 1744 ς.

100 1753 207 1795 Bkk„
232 1750 450 1797 ἔμπροσθεν
473 1761 506 1789 ς.

99 1810 132 1842 p.
153 1800 228 1833 188.

99 1843 334 1876 Boeckhins'
325 1854 363 1875 m
381 1843 469 1876 Min.
487 1854 521 1885 p.

98 1889 282 1931 plerique,
299 1889 399 1920 Hrm.

99 1945 167 1972 τας
184 1935 233 1966 Ae
242 1933 296 1966 Πε
313 1933 404 1975 Stb„
425 1928 674 1974 ὃοξάζοντα*
654 1953 687 1970 a·

543 1845 618 1876 193.

144 2036 165 2068 3
197 2032 340 2067 πολλοῦ
371 2032 446 2067 δέω
478 2030 519 2066 τὸ
551 2029 617 2085 μὴ
637 2028 772 2084 φάναι.

99 2080 293 2113 ‘Nimirum
308 2078 453 2112 πολλοῦ
473 2076 548 2112 δέω
571 2075 622 2122 μὴ
649 2075 774 2122 φάναι

99 2125 139 2157 in
161 2127 266 2157 tanto
290 2125 429 2157 otiosae
448 2125 659 2167 negationis
677 2124 775 2167 apud

99 2169 243 2202 Atticos
264 2179 332 2202 usu
359 2169 477 2203 videri
505 2174 651 2223 poterat
678 2170 774 2203 idem

100 2214 197 2246 velle
226 2214 323 2256 quod
348 2213 492 2248 πολλοῦ
522 2212 596 2248 δέω
621 2210 773 2257 φάναι)

100 2259 367 2293 Burmannus.
419 2261 475 2292 De
507 2259 690 2293 infinitivo
724 2261 776 2293 sie

101 2315 182 2337 cum
220 2305 376 2337 articulo
422 2306 618 2338 coniuncto
663 2305 773 2338 Stall-

99 2350 267 2382 baumius
289 2350 448 2383 conferri
470 2351 573 2383 iubet
595 2350 774 2384 Matthiae

146 2440 168 2471 4
185 2437 250 2472 καὶ
267 2436 378 2482 λέγω,
397 2440 527 2472 ‘hunc
544 2440 688 2482 ipsum
704 2440 776 2473 vel

104 2484 284 2517 maxime
341 2485 440 2518 dieo
495 2486 775 2528 sapientem)

102 2528 243 2562 men.

148 2574 169 2604 6
186 2569 238 2616 μὴ
254 2573 304 2619 τῷ
327 2569 469 2618 ῤ’ήματί
483 2586 558 2617 μου
576 2574 704 2618 δίωκε,
726 2586 777 2609 ne

104 2628 126 2650 v
137 2608 340 2651 erborum
373 2621 674 2654 tantummodo
709 2631 777 2653 ra-

104 2663 268 2695 tionem
297 2663 467 2698 habens
493 2676 509 2697 1
519 2667 627 2699 ebus
663 2666 777 2708 ipsis

103 2707 334 2750 neglectis
358 2720 644 2752 persequere.
667 2722 701 2744 v.
730 2711 778 2743 ad

105 2753 214 2795 Gorg.
255 2753 378 2787 45013.
436 2755 594 2798 Euthyd.
635 2757 775 2790 304E.’

103 2797 408 2834 Summumus.

1396 1619 1415 1650 5
1433 1627 1519 1650 ποι-

1261 1800 1303 1831 18
1327 1793 1422 1832 ουδὲ
1447 1794 1519 1841 γὰρ

1341 1884 1521 1930 δοξαζον-

888 2036 908 2068 8
941 2030 982 2068 ἐν
1014 2037 1094 2074 τοῖς
1125 2030 1315 2078 πρόσθενε

843 2080 941 2112 Hor.
979 2079 1293 2132 Οἱ.ε.(1νρ.1571).

891 2126 931 2158 18
960 2121 1006 2158 τά
1029 2136 1091 2179 μη.
1100 2136 1205 2159 οντα.
1255 2126 1370 2158 ‘Nam
1390 2124 1519 2169 ψευδῆ

844 2174 929 2203 sunt
946 2171 1094 2204 nonnisi
1115 2167 1163 2204 τὰ
1181 2166 1233 2214 μὴ
1258 2165 1371 2211 ὅντα,
1397 2182 1440 2204 ea
1459 2181 1521 2204 au-

843 2220 916 2248 tem
955 2227 1027 2249 non
1063 2220 1218 2259 possunt
1256 2213 1520 2258 δοξάζεσθαι]

843 2262 982 2294 Hnmn.

888 2308 932 2339 20
962 2305 1133 2350 πονηρᾶς
1166 2305 1295 2350 ψυχῆς
1331 2303 1407 2349 ἕξει
1437 2306 1517 2348 δοξ.

846 2351 964 2392 ‘Quia
993 2362 1145 2394 pravam
1177 2354 1336 2384 animam
1373 2352 1521 2391 habent,

844 2395 930 2429 huic
959 2397 1084 2429 affinia
1116 2397 1281 2430 homines
1310 2398 1524 2440 opinatum-3

846 2442 932 2484 quia
947 2445 1071 2475 autem
1085 2442 1122 2474 id
1134 2443 1255 2485 ipsum
1268 2453 1383 2486 prava
1400 2444 1521 2475 anima

847 2486 976 2528 efficit,
1009 2488 1149 2527 nonei‚
1184 2487 1248 2520 sed
1277 2488 1366 2520 sibi
1394 2487 1522 2520 affinia

846 2532 954 2564 Plato
973 2532 1077 2565 dixit.
1088 2536 1098 2552 '
1141 2532 1182 2565 C.
1206 2533 1249 2564 F.
1270 2533 1521 2566 HERMANNCS.

848 2573 1100 2675 ῗὲἓὶξῗῑέᾚ
1118 2577 1141 2610 ¹
1134 2577 1524 2656 12332335125133222

847 2666 896 2699 De
929 2661 1070 2710 ἕαυτῆς
1090 2634 1231 2701 pautern
1269 2668 1316 2700 ad
1353 2666 1525 2709 πονηρᾶς

846 2711 974 2798 ψυὸχῆς
1002 2713 1119 2746 relato
1153 2724 1187 2746 v.
1218 2714 1386 2754 Krueger
1419 2714 1438 2752 ξ
1467 2714 1521 2754 51,

892 2797 1133 2844 δοξάζοντας.
1159 2802 1370 2836 ‘Transitur
1384 2801 1430 2835 ad
1443 2802 1525 2845 plu-

1347 2046 1381 2079 p.
1406 2035 1521 2070 1590.

1168 1709 1189 1740 8
1211 1702 1384 1749 πρόσθεν
1401 1708 1430 1742 2(
1441 1708 1524 1742 ΔΠ

634 1755 674 1786 10
703 1734 796 1786 ἔστι
805 1751 871 1786 καὶ
896 1753 1082 1795 φαίνεται
1106 1753 1180 1787 del
1203 1753 1520 1786 Hsclz.Phi101.X

368 1800 408 1830 17
434 1791 481 1831 οὗ
498 1798 538 1831 τί
550 1799 686 1832 »21A2H
700 1799 788 1840 de.
799 1824 809 1840 ,
834 1792 923 1832 οὔτε
940 1810 975 1831 τι
994 1807 1015 1834 ς
1031 1798 1121 1832 Bklc.

713 1845 756 1876 20
772 1843 944 1886 πονηρᾶς
961 1843 1124 1876 Bekkeri
1141 1853 1277 1905 omnes,
1296 1843 1520 1876 Stallbaumi

494 1884 728 1939 δοξάζοντας·
744 1889 774 1924 5³(
794 1890 881 1929 (tria
900 1892 1036 1932 puncta
1054 1890 1092 1921 in
1109 1896 1252 1932 marg-,⁶
1257 1886 1316 1931 .·‚)
