1748 2950
587 141 658 185 AD
689 139 1019 186 SOPHISTAM.
1427 143 1485 184 43

128 267 279 308 genera
297 269 320 296 a
340 256 508 309 singulis
526 253 706 305 differre,
736 255 1052 308 unumquodque
1073 259 1207 296 autem
1235 253 1276 294 in
1307 266 1353 293 se
1386 265 1482 295 con-

128 313 350 355 sideratum
389 326 464 365 per
500 326 545 352 se
585 324 768 351 seorsum
809 317 997 352 constare
1027 324 1074 352 ac
1104 313 1168 353 sui
1197 323 1361 364 semper
1390 324 1484 351 esse

128 370 276 411 simile.
333 370 397 409 Ex
427 382 503 422 quo
532 369 693 409 ducitur
723 369 940 409 discrimen
968 369 1050 410 τοῦ
1080 364 1212 416 ὄντος
1241 373 1284 407 et
1313 367 1393 408 τοῦ
1421 363 1483 420 μὴ

129 421 273 473 ὄντος.
350 426 453 466 Nam
501 431 696 477 quatenus
737 424 831 477 quid
880 427 929 465 ab
967 426 1100 466 altero
1148 427 1352 465 diversum
1404 430 1482 473 est,

128 482 277 521 dicitur
306 495 403 522 non
434 495 578 531 esse3
616 495 750 533 neque
781 483 887 521 enim
921 486 986 522 est
1013 483 1119 522 idem
1151 481 1256 534 quod
1286 482 1483 521 aiterum:

129 543 324 590 quatenus
361 551 456 577 vero
496 538 535 577 in
575 551 622 579 se
663 543 895 591 spectatur,
943 552 1065 579 esse
1107 551 1270 591 semper
1315 538 1485 578 iudicari

126 595 260 635 debet.
319 595 549 646 Quanquam
588 596 764 635 alterum
803 608 893 634 cnm
933 596 1062 635 altero
1094 597 1356 636 arctissimam
1388 606 1485 634 sane

126 651 251 690 habet
279 652 612 691 coniunctionem.
671 653 773 692 Nam
804 652 904 691 iliud
933 654 1089 704 ipsum,
1119 654 1228 704 quod
1257 664 1354 691 non
1386 658 1482 699 est,

126 712 262 748 tamen
293 713 489 759 quatenus
519 709 560 747 id
598 709 731 762 ipsum
771 721 863 749 esse
894 713 1082 761 putatur,
1119 710 1161 749 in
1190 723 1234 749 se
1264 708 1388 748 habet
1417 721 1484 748 es-

127 765 321 812 sentiam3
358 777 403 803 ac
433 766 611 805 vicissim
639 767 683 806 id
713 767 820 817 quod
853 778 972 807 esse
1003 767 1196 814 dicimus,
1236 766 1326 818 quia
1366 766 1483 804 innu·

127 821 249 860 meris
280 822 409 860 modis
439 822 487 860 ab
519 822 606 861 aliis
635 827 774 875 potest
804 823 1037 875 discrepare
1083 822 1244 876 (omnes
1273 823 1378 861 enim
1408 834 1483 862 no-

126 878 259 917 tiones
298 877 346 916 ab
379 878 467 917 aliis
498 875 778 932 discrepant),
817 883 859 917 et
898 880 1062 918 infinitis
1093 879 1223 918 modIs
1253 891 1349 917 non
1381 883 1485 920 est.

127 934 218 984 Quo
255 945 336 974 non
378 939 597 986 perspecto
628 935 894 973 Socherus
935 935 976 973 in
1022 935 1232 974 iudicanda
1264 933 1484 986 sophistae

126 991 256 1030 nostri
285 991 367 1030 fide
398 995 440 1031 et
471 992 713 1031 auctoritate
742 1004 883 1031 rursus
914 992 997 1030 ruit
1026 992 1209 1030 mirifice.
1268 989 1482 1029 Platonem

128 1048 233 1086 enim
263 1046 360 1086 dicit
387 1042 438 1087 τὸ
468 1042 529 1101 μὴ
561 1043 612 1087 ὄν
643 1048 703 1096 εἰ,
733 1048 842 1099 quod
872 1061 989 1088 esse
1021 1051 1201 1098 putetur,
1230 1047 1286 1087 ita
1317 1059 1483 1098 semper

126 1114 338 1155 opponere
367 1104 526 1154 solere,
557 1108 601 1143 ut
630 1104 884 1155 cogitandum
916 1105 970 1143 sit
998 1104 1050 1144 de
1080 1103 1312 1143 discrimine
1342 1115 1483 1142 eorum

128 1172 230 1212 quae
271 1162 480 1209 oriuntur,
534 1165 709 1213 pereunt
745 1173 791 1199 ac
835 1162 1019 1200 sensibus
1062 1165 1306 1208 noscuntur,
1361 1164 1483 1211 atque

126 1228 264 1256 rerum
296 1218 516 1257 divinarum
547 1219 631 1256 sive
659 1218 863 1267 idearum,
897 1230 1000 1269 quae
1030 1219 1159 1257 omnis
1196 1218 1482 1256 vicissitudinis

129 1277 318 1326 expertes
347 1287 489 1314 revera
520 1279 614 1314 sunt
642 1279 685 1314 et
714 1287 790 1313 una
819 1279 956 1314 mente
985 1287 1032 1314 ac
1058 1275 1218 1314 ratione
1249 1274 1484 1327 percipiun-

127 1334 210 1372 tur.
269 1330 325 1369 Et
363 1343 459 1370 sane
496 1344 634 1370 verum
678 1335 743 1371 est
787 1331 1076 1383 philosophum
1119 1332 1237 1370 iniis
1268 1331 1402 1378 libris,
1442 1331 1484 1370 iu

129 1388 274 1438 quibus
315 1388 480 1440 exponit
516 1388 567 1427 de
605 1387 709 1427 ideis
747 1392 933 1440 tanquam
973 1389 1096 1429 rebus
1142 1387 1484 1441 adspectabilibus

129 1445 291 1484 omnino
322 1445 538 1496 oppositis,
567 1444 671 1484 hanc
701 1458 819 1485 unam
837 1446 1037 1484 rationem
1067 1446 1237 1484 maxime
1266 1445 1382 1496 sequi
1412 1456 1485 1483 so·

126 1499 225 1540 lere.
286 1501 341 1540 At
371 1504 476 1541 enim
504 1514 601 1541 vero
626 1501 720 1540 inde
751 1502 1056 1553 haudquaquam
1077 1503 1259 1553 sequitur
1288 1502 1342 1550 id,
1375 1501 1485 1552 quod

126 1557 253 1596 voluit
283 1556 565 1599 Socherus.
623 1558 724 1597 Nam
755 1555 806 1599 τὸ
836 1555 897 1611 μὴ
929 1555 982 1599 ὄν
1013 1572 1086 1611 pro
1119 1559 1389 1611 oppositionis
1417 1571 1484 1598 ra-

124 1614 238 1652 tione
267 1615 487 1654 secundum
515 1616 646 1666 ipsum
678 1615 887 1655 Platonem
918 1616 1025 1655 varia
1054 1620 1176 1666 atque
1203 1616 1332 1654 multa
1359 1615 1484 1666 signi-

124 1670 247 1710 ficat:
285 1672 545 1722 quamobrem
584 1672 623 1710 in
666 1673 835 1723 singulis
865 1674 951 1713 eius
983 1674 1172 1725 scriptis,
1215 1673 1298 1711 imo
1326 1672 1366 1711 in
1397 1672 1484 1710 sin-

127 1727 232 1779 gulis
272 1727 362 1766 fere
401 1728 502 1767 locis
539 1728 753 1767 videndum
797 1732 882 1778 est,
931 1741 1123 1782 quorsum
1162 1729 1305 1769 tendat
1354 1730 1483 1768 omnis

127 1785 202 1822 viri
232 1785 476 1836 disputatio,
517 1798 593 1836 qua
635 1798 712 1825 una
747 1798 793 1824 re
822 1786 993 1825 maxime
1038 1786 1086 1824 ad
1115 1787 1201 1826 veri
1230 1786 1485 1838 perspicien-

128 1841 224 1880 tiam
254 1841 524 1892 perducimur.
581 1841 638 1881 Et
674 1843 716 1881 in
746 1842 795 1883 iis
827 1842 986 1894 quidem
1017 1843 1155 1891 libris,
1194 1843 1234 1882 in
1267 1844 1411 1894 quibus
1441 1843 1485 1883 id

128 1898 299 1937 maxime
330 1899 437 1949 egit,
477 1901 522 1937 ut
561 1898 612 1937 de
648 1898 829 1939 idearum
865 1900 1090 1940 rationibus
1121 1903 1243 1951 atque
1274 1899 1486 1940 dialectica

127 1959 354 2006 exponeret
393 1955 603 2003 subtilius,
652 1955 758 2007 quod
799 1957 930 2008 ipsum
970 1956 1071 1995 fecit
1110 1957 1150 1996 in
1200 1957 1395 2008 sophista
1437 1969 1483 1995 ac

128 2010 392 2059 Parmenide,
441 2011 630 2063 profecto
678 2013 821 2052 mirum
870 2013 997 2052 videri
1043 2025 1122 2052 non
1163 2018 1323 2065 potest,
1377 2014 1485 2064 quod

127 2066 210 2108 τοῦ
251 2062 382 2115 ὄντος
410 2069 456 2113 {vi
496 2072 719 2119 naturaque
766 2070 993 2109 accuratius
1040 2071 1313 2122 pervestigata
1362 2071 1485 2109 etiam

129 2124 206 2164 alia
239 2123 322 2164 τοῦ
361 2119 492 2172 ὄντος
523 2129 565 2163 et
595 2125 676 2165 τοῦ
703 2121 764 2177 μὴ
805 2121 936 2174 ὄντος
977 2126 1206 2168 discrimina
1247 2128 1384 2179 posuit
1424 2132 1484 2166 at-

131 2193 211 2233 que
248 2180 348 2220 facit
396 2182 437 2220 in
478 2181 663 2248 populari
705 2182 774 2222 issa
811 2183 1022 2223 doctrinae
1072 2197 1168 2225 suae
1219 2185 1485 2237 expositione.

130 2238 329 2289 Quocirca
367 2251 472 2278 nunc
502 2253 552 2279 το
583 2234 644 2290 μὴ
676 2233 727 2278 ὄν
755 2240 878 2279 etiam
910 2241 968 2279 sic
1007 2241 1131 2289 dixit,
1169 2246 1216 2281 ut
1252 2241 1304 2280 de
1346 2253 1485 2280 essen-

129 2296 212 2334 tiae
244 2295 471 2335 difl'erentia
502 2296 673 2346 cogitari
701 2296 846 2336 vellet:
885 2310 1018 2347 neque
1056 2299 1163 2338 enim
1193 2298 1294 2338 illud
1324 2298 1485 2350 simpli-

130 2352 234 2392 citer
271 2350 335 2404 τῷ
372 2348 468 2392 ὄντι
510 2353 724 2404 opposuit,
765 2353 836 2392 sed
876 2354 1079 2394 intellexit
1118 2357 1183 2403 id,
1226 2356 1334 2406 qnod
1373 2358 1486 2394 esset

131 2408 305 2460 quidem,
337 2409 408 2448 sed
440 2409 546 2459 quod
577 2421 658 2449 non
676 2410 758 2448 tale
787 2414 914 2458 esset,
945 2412 1062 2462 quale
1092 2412 1198 2451 aliud
1230 2412 1337 2463 quid.
1383 2412 1484 2451 Nam

131 2471 177 2506 ut
215 2465 296 2505 hoc
333 2466 388 2504 ita
428 2469 655 2515 statueret,
701 2467 830 2507 suasit
866 2468 965 2506 illud
999 2469 1152 2522 ipsum,
1202 2469 1307 2520 quod
1347 2468 1488 2507 subtili

133 2522 368 2574 quaestione
410 2524 551 2574 utique
590 2523 834 2575 exploravit,
881 2525 993 2565 ideas
1033 2527 1141 2565 varia
1180 2539 1226 2565 ac
1273 2525 1486 2577 multiplici

131 2580 286 2619 ratione
317 2593 361 2619 ac
392 2580 691 2620 necessitudine
718 2581 826 2620 inter
854 2581 961 2634 ipsas
991 2583 1204 2623 contineri.
1264 2583 1488 2635 Utriusque

131 2637 356 2676 non-entis
408 2638 626 2677 discrimen
664 2637 933 2690 philosophus
979 2639 1070 2692 ipse
1112 2640 1292 2679 breviter
1331 2640 1487 2692 signifi-

133 2693 237 2733 cavit
270 2693 310 2734 in
347 2692 586 2735 Parmenide
626 2708 666 2748 p.
709 2695 804 2735 16⁰.
837 2695 882 2735 Ο.
912 2698 955 2736 et
984 2708 1023 2748 p.
1055 2697 1150 2738 163.
1178 2697 1228 2740 B.
1258 2697 1303 2737 C.
1343 2702 1487 2750 postea
