1748 2950
613 83 912 135 ΘΕΑῙΤΗΨΟΣ,
1397 78 1478 122 189

61 210 111 254 ἕν
132 226 174 253 τι
206 203 385 265 γεγονὸς
421 204 538 257 εἶδος
571 203 696 249 ἰδέαν
728 206 836 260 μίαν
867 197 974 246 αὐτὸ
999 195 1139 245 αὑτοῦ
1169 202 1293 258 ἔχον,
1325 200 1479 252 ἕτερον

63 277 112 322 δὲ
135 278 226 321 τῶν
249 278 487 332 στοιχείων.

164 349 320 390 ΘΕΑΙ.
358 339 489 388 Πάνυ
512 339 594 399 μὲν
618 332 700 385 οὖν
715 351 723 358 ·
758 338 832 383 καὶ
863 335 972 396 τάχα
995 333 1040 394 γ’
1068 332 1124 381 ἂν
1147 337 1316 394 μᾶλλον
1339 332 1479 387 οὕτως

60 408 88 470 ἢ
114 412 292 465 ἐκείνως
317 414 418 468 ἔχοι.

27 496 43 520 5
163 485 263 526 ΣΩ.
317 478 544 524 Σκεπτέον
583 477 657 521 καὶ
692 471 745 521 οὖ
784 475 1027 534 προδοτέον
1066 471 1206 526 οὕτως
1246 468 1480 531 ἀνάνδρως

63 550 204 606 μέγαν
226 565 273 592 τε
298 547 372 591 καὶ
395 543 559 604 σεμνὰν
583 542 727 602 λόγον.

164 621 323 661 ΘΕΑΙ.
365 610 432 660 Οὐ
455 612 540 672 γὰρ
565 606 660 658 οὖν.

163 689 262 729 ΣΩ.
306 680 462 740 Ἐχέτω
497 679 552 739 δὴ
579 676 638 734 ὥς
668 682 755 726 νῦν
778 679 946 738 φαμέν,
980 682 1058 737 μία
1091 678 1187 723 ἰδέα
1212 678 1256 731 ἐξ
1283 674 1482 722 ἑκάστων
1506 687 1572 720 204

62 753 152 797 τῶν
193 748 590 809 συναρμοττόντων
635 751 866 807 στοιχείων
917 747 1156 805 γιγνομένη
1196 746 1224 803 ἡ
1265 744 1482 803 συλλαβή,

13 836 45 860 10
62 818 223 878 ὁμοίως
249 823 298 864 ἒν
320 837 367 863 τε
390 816 613 876 γράμμασι
637 817 712 862 καὶ
736 819 785 862 ἐν
807 826 899 878 τοῖς
922 814 1072 867 ἅλλοις
1095 811 1244 860 ἅπασι.

167 892 325 933 ΘΕΑΙ.
363 886 496 932 Πάνυ
518 885 602 944 μὲν
625 878 723 930 οὖν.

166 961 264 1001 ΣΩ.
304 951 489 1001 Οὐκοῦν
510 954 621 1012 μέρη
645 949 782 1010 αὐτῆς
807 949 861 998 οὐ
887 955 959 998 δεῖ
982 949 1108 997 εἶναι.

167 1028 325 1069 &li-AI.
371 1026 427 1068 Τί
454 1021 534 1080 ᾱή;

167 1097 264 1137 ΣΩ.
299 1089 391 1137 Ὅτι
423 1082 478 1135 οὗ
510 1085 566 1135 ἂν
598 1082 625 1149 ᾖ
657 1090 789 1148 μέρη,
825 1087 874 1134 τὸ
914 1085 1019 1134 ὅλον
1051 1085 1222 1146 ἀνάγκη
1253 1085 1306 1132 τὰ
1338 1084 1483 1132 πάντα

15 1175 48 1200 15
65 1159 175 1218 με’ρη
200 1158 326 1204 εἶναι.
384 1154 412 1217 ἢ
437 1158 511 1203 καὶ
535 1156 584 1203 τὸ
618 1155 723 1203 ὅλον
758 1160 805 1203 ἐκ
835 1159 925 1203 τῶν
948 1161 1096 1216 μερῶν
1128 1156 1268 1214 λέγεις
1299 1154 1483 1213 γεγονὸς

67 1228 116 1272 ἕν
138 1245 180 1272 τι
204 1225 320 1279 εἶδος
347 1228 499 1285 ἕτερον
521 1230 610 1271 τῶν
633 1224 814 1271 πάντων
837 1227 1008 1284 μερῶν;

168 1301 328 1341 ΘΕΑΙ.
357 1294 537 1352 Ἔγωγε.

167 1368 267 1408 ΣΩ.
312 1359 371 1409 Τὸ
399 1362 449 1408 δὲ
473 1360 528 1420 δὴ
553 1364 645 1408 πᾶν
668 1363 742 1408 καὶ
759 1362 808 1408 τό
827 1359 933 1408 ὅλον
950 1360 1139 1421 πότερον
1156 1358 1318 1407 ταύτὸν
1335 1365 1484 1415 καλεῖς

65 1426 93 1488 ἢ
118 1432 269 1490 ἕτερον
292 1429 522 1490 ἑκάτερον;
1506 1440 1535 1472 Β

16 1513 50 1539 2⁰
170 1505 330 1545 ΘΕΑΙ.
367 1498 482 1558 ’Έχω
506 1498 588 1557 μὲν
612 1496 750 1545 οὐδὲν
773 1500 936 1556 σαφές,
969 1495 1038 1544 ὅτι
1072 1497 1122 1543 δὲ
1157 1495 1352 1551 κελεύεις
1379 1514 1485 1555 προ-

66 1566 221 1625 θύμως
244 1564 594 1625 ἀποκρίνασθαι,
621 1564 1024 1625 παρακινδυνεύων
1047 1567 1160 1624 λέγω
1183 1564 1250 1611 ὅτι
1273 1567 1435 1622 ἕτερον.

170 1641 268 1681 ΣΩ.
312 1631 370 1680 ‘H
386 1635 467 1694 μὲν
491 1640 745 1694 προθυμία,
771 1629 805 1680 ὦ
832 1639 1067 1693 Θεαίτητε,
1101 1631 1238 1695 ὀρθή·
1273 1638 1313 1679 εἰ
1338 1633 1388 1679 δὲ
1411 1634 1484 1678 καὶ

67 1700 95 1760 ἡ
114 1700 358 1760 ἀπόκρισις,
377 1705 602 1750 σκεπτέον.

172 1777 331 1817 ΘΕΑΙ.
368 1779 456 1817 Δεῖ
477 1773 530 1817 δέ
549 1790 600 1830 γε
627 1770 695 1830 δή.

160 1915 181 1948 8
197 1913 291 1956 μίαν
309 1908 423 1948 ἰδέαν
438 1937 481 1941 -
497 1909 729 1959 γιγνομένην
746 1916 853 1951 Hsch.
872 1916 917 1949 de
934 1915 1139 1948 Heindorfii
1156 1915 1380 1948 coniectura.

70 1961 114 1992 24
130 1961 207 1993 Δεῖ
219 1955 263 1992 δέ
280 1958 336 2003 γε]
357 1955 400 1993 δέ
416 1969 484 1993 om.
507 1960 586 1996 Tur.
603 1965 751 1993 auctore
768 1961 991 1994 Heindorfio.

117 2085 135 2117 1
150 2080 271 2122 τεἶδος
286 2085 318 2117 h.
334 2084 357 2116 1.
373 2094 487 2127 genus
509 2084 608 2126 dicit,
630 2081 742 2118 ἰδέαν

812 2082 1017 2129 γιγνομένη
1033 2085 1129 2118 idem
1147 2095 1226 2118 esse
1240 2087 1375 2128 putant
1393 2084 1489 2128 quod

72 2130 279 2171 generalem
321 2130 504 2172 quandam
543 2131 740 2163 notionem.
911 2127 918 2139 ’

811 2131 1020 2174 γιγνεσθω,
1046 2141 1264 2174 quamquam
1282 2131 1489 2173 Wagnerus

74 2174 302 2217 Quamquam
332 2179 526 2217 utrumque
558 2174 652 2207 alias
685 2186 743 2208 eo-

74 2218 157 2251 dem
164 2230 312 2261 prorsus
320 2219 527 2263 significatu
540 2221 742 2263 promiscue

72 2268 268 2307 usurpatur
280 2265 441 2306 Platoni.
468 2265 742 2308 Euthyphr.6D

73 2305 279 2353 Μέμνησαι
297 2307 383 2353 οὐν,
408 2305 468 2343 ὅτι
491 2308 536 2344 οὐ
553 2306 671 2344 ταῦτό
686 2320 746 2344 σοι

76 2351 360 2399 διεκελευόμην,
380 2352 422 2389 ἓν
439 2367 475 2389 τι
493 2348 518 2398 ἢ
535 2353 608 2389 δύο
623 2367 670 2399 με
688 2355 744 2390 δι-

77 2394 190 2440 δείξαι
218 2399 292 2434 τῶν
319 2401 468 2434 πολλῶν
495 2399 627 2440 ὁσίων,
660 2395 744 2435 ἀλλ’

77 2437 202 2494 ἒκεζνο
225 2439 319 2479 αὐτὸ
343 2442 385 2479 τὸ
412 2443 536 2488 εἶδος,
566 2438 594 2490 ᾦ
620 2442 748 2480 πάντα

76 2485 123 2520 τὰ
140 2498 227 2523 οσια
242 2485 331 2525 ὅσιοῖ
354 2486 475 2532 ἕστινς
500 2489 659 2544 ἔφησθα
676 2486 747 2535 γάρ

77 2543 153 2567 που
167 2534 238 2578 μιᾷ
260 2533 349 2580 ἰδέᾳ
373 2532 422 2570 τά
443 2548 484 2571 τε
502 2531 641 2587 οἶνονσια
656 2533 747 2570 οἶνό-

78 2587 142 2611 σια
166 2575 266 2613 εἶναι
287 2579 354 2614 καὶ
377 2579 423 2615 τὰ
448 2575 535 2615 ὅσια
557 2591 658 2616 οσια.
698 2583 748 2615 Et

77 2623 131 2655 sic
154 2626 291 2658 centies
313 2627 438 2662 alias.’
468 2628 747 2662 Hmnnomvms.

79 2667 136 2701 cf.
154 2669 292 2712 Zeller,
315 2672 410 2707 Phil,
428 2673 461 2706 d.
481 2673 542 2706 Gr.
567 2674 603 2705 11
629 2684 663 2716 p.
680 2675 745 2705 421

78 2717 151 2747 not.
173 2716 203 2747 1.

123 2760 145 2792 8
160 2753 308 2803 Ἐχέτω.
332 2762 567 2806 Τιιτίοθιιεεε,
587 2774 679 2806 quos
694 2773 749 2797 se-

79 2807 186 2837 cutus
218 2809 276 2838 est
306 2807 533 2850 Wagnerus,
562 2803 678 2853 ἐχέτω
706 2827 748 2833 -

813 2177 930 2208 locum
957 2176 1067 2209 aliter
1093 2177 1208 2209 vertit
1236 2176 1275 2208 in
1299 2176 1488 2209 Germani-

812 2232 903 2254 cum.
930 2221 1002 2254 Sed
1019 2222 1184 2254 omnibus
1203 2221 1307 2264 locis,
1324 2231 1412 2264 quos
1433 2224 1488 2254 at-

814 2267 979 2299 tulerunt
1023 2267 1192 2308 (phaedr.
1231 2266 1335 2300 ‘2570
1385 2267 1488 2310 soph.

814 2312 918 2345 2270
943 2312 988 2344 de
1010 2312 1084 2355 leg.
1103 2313 1173 2345 V11
1196 2311 1314 2355 79313)
1338 2313 1488 2355 partici-

840 2358 913 2390 ium
930 2358 1059 2390 aoristi
1076 2358 1311 2390 coniunctum
1329 2360 1386 2390 est
1409 2367 1490 2390 cum

815 2368 930 2446 ἒχειν.
972 2402 1029 2437 Cf.
1058 2404 1232 2446 Krueger.
1266 2403 1286 2443 ἓ
1309 2404 1371 2443 56,
1395 2405 1434 2442 3,
1458 2404 1490 2436 6.

816 2449 939 2489 Quare
963 2451 1131 2491 praestat
1156 2459 1236 2480 cum
1262 2447 1490 2491 Campbellio

815 2493 885 2535 μία
899 2490 988 2527 ἰδέα
1001 2494 1080 2527 κτλ.
1095 2504 1159 2535 pro
1178 2494 1409 2536 appositione
1426 2493 1491 2526 ha—

816 2539 904 2591 bgre
948 2542 989 2571 ut
1012 2539 1056 2571 de
1080 2549 1157 2582 rep.
1175 2540 1245 2571 VII
1261 2540 1366 2590 5217ss
1384 2534 1432 2572 τὰ
1450 2533 1489 2571 δ’

816 2594 885 2617 ουν
903 2563 988 2626 ἐμοὶ
1005 2583 1225 2630 φαινόμενα
1243 2595 1341 2618 ουτω
1355 2583 1490 2626 φαίνε-

816 2640 899 2670 ται,
925 2624 964 2662 ἔν
988 2628 1040 2674 τῷ
1063 2628 1215 2675 γνωστῷ
1237 2628 1442 2663 τελευταία
1466 2624 1488 2670 ἡ

817 2672 886 2707 τοῦ
902 2667 1057 2717 ἀγαθοῦ
1075 2671 1164 2708 ἰδέα
1186 2673 1252 2708 καὶ
1276 2670 1386 2718 μόγις
1402 2669 1492 2716 ὁρᾶ-

817 2719 924 2753 σθαι.

862 2766 907 2798 24
930 2766 1007 2798 Δεῖ·
1019 2762 1065 2798 δέ
1083 2775 1124 2808 γε
1143 2758 1205 2808 δή.
1228 2765 1297 2797 ‘At
1314 2767 1492 2808 oportet

819 2810 995 2852 quidem
1029 2814 1152 2844 certe
1190 2821 1285 2843 eam
1322 2814 1493 2843 rectam
