1748 2950
605 142 677 184 AD
707 141 970 183 SOPIIISTA
978 140 1035 182 M.
1451 141 1504 181 41

150 257 499 308 amplecterentur.
530 269 566 295 v.
597 268 699 307 quae
731 254 782 293 (le
811 253 875 293 his
904 255 1028 294 rebus
1048 253 1307 305 exposuimus
1337 253 1384 292 ad
1408 253 1506 301 Par-

151 325 255 353 men.
286 313 477 365 Prole-gg.
507 313 630 360 Libro
661 313 706 353 ll.
739 325 772 353 c.
804 311 843 350 2.
875 324 912 363 p.
943 311 1028 350 26⁴.)
1058 324 1144 362 sqq.
1201 310 1357 350 Verum
1388 311 1507 350 sicuti

151 371 297 408 mentis
335 370 532 408 humanae
569 370 834 420 cogitationes
881 380 959 406 non
1000 372 1094 406 sunt
1139 368 1324 418 quietae,
1370 380 1508 412 vanae,

152 426 312 473 inanes,
353 432 560 473 mortuae,
603 426 675 465 sed
707 427 793 464 eius
831 426 909 463 vim
939 425 1279 477 agitationemque
1310 423 1509 470 referunt,

152 484 208 521 ita
237 483 391 522 divinae
421 484 567 522 mentis
603 484 661 522 vis
707 487 749 521 et
779 482 961 533 potentia
991 483 1111 520 etiam
1141 481 1182 519 in
1215 481 1317 520 ideis
1347 482 1508 532 conspi-

154 551 229 577 cua
265 543 342 577 est.
402 540 514 588 Quae
555 552 635 578 non
674 540 803 578 solum
840 551 1003 589 semper
1042 539 1091 577 ad
1131 537 1280 589 aliquid
1322 539 1509 585 tendunt,

151 607 291 634 verum
317 596 435 635 etiam
467 608 624 635 omnem
657 597 870 635 essentiam
902 596 940 633 in
972 607 1017 633 se
1047 594 1392 646 complectuntur3
1429 596 1510 633 imo

154 652 310 692 fontem
341 665 388 691 ac
416 654 656 704 principium
688 654 816 693 omnis
844 652 1036 690 scientiae
1059 663 1238 704 perenne
1268 652 1308 689 in
1338 665 1382 690 se
1402 664 1510 690 com-

154 708 423 759 prehendunt.
483 710 582 749 Nam
615 711 735 748 animi
776 709 936 748 luunani
967 721 1085 758 quum
1118 709 1272 748 divinae
1303 709 1384 747 sint
1414 722 1511 760 par-

153 765 303 805 ticulae
343 778 487 813 aurae,
527 767 622 805 olim
660 766 763 818 apud
803 765 932 804 Deum
972 766 1103 816 ipsum
1143 766 1322 805 viventes
1374 778 1511 803 earum

155 822 378 862 hauserunt
427 824 634 870 notitiam,
690 824 770 861 imo
817 822 1038 873 participes
1091 833 1227 859 earum
1275 822 1511 862 extiterunt.

155 878 295 929 ltaque
325 879 441 917 ideae
472 892 549 918 nou
577 883 730 918 tantum
760 892 782 918 a
811 879 972 916 numine
1002 877 1133 916 divino
1163 877 1408 928 cogitantur,
1440 879 1514 916 sed

155 935 269 986 ipsae
301 941 393 974 sunt
421 936 735 986 intelligentiae,
780 935 1027 986 sapientiae,
1066 934 1212 971 mentis
1244 934 1419 984 deiiique
1450 934 1514 972 es-

157 992 347 1030 fectrices
369 993 576 1042 quaedam,
605 998 650 1030 ut
679 995 794 1032 recte
823 990 1014 1042 profecto
1034 990 1177 1042 plenae
1208 991 1374 1028 rationis
1406 1003 1514 1038 esse,

154 1048 238 1087 imo
279 1049 397 1087 etiam
439 1061 583 1100 sapere
623 1053 744 1098 atque
781 1048 1010 1098 intelligere
1051 1047 1244 1086 dicantur.
1304 1046 1428 1086 Unde.
1456 1051 1514 1085 ta-

157 1117 251 1144 men
282 1105 317 1143 si
348 1106 413 1155 qui
439 1111 634 1156 protenus
666 1105 716 1143 de
746 1105 836 1156 ipso
857 1104 942 1142 Deo
974 1104 1143 1155 cogitari
1171 1103 1398 1152 voluerunt,
1428 1105 1456 1142 ii
1477 1105 1518 1142 in

156 1174 304 1213 magno
335 1162 534 1213 opinionis
565 1174 708 1202 errore
736 1162 885 1200 versati
915 1164 1020 1201 sunt.

275 1251 570 1304 Explicavimus
599 1253 731 1291 locum
762 1251 1039 1304 gravissimum
1069 1249 1156 1296 sic,
1193 1253 1241 1289 ut
1282 1248 1356 1290 nec
1386 1251 1519 1290 verbis

161 1308 238 1347 vim
269 1309 536 1358 intulerimus,
566 1322 640 1349 nec
671 1309 882 1362 systemati
911 1307 1117 1346 doctrinae
1137 1306 1383 1356 Platonicae,
1414 1307 1520 1359 quod

161 1365 287 1405 hodie
328 1366 536 1418 appellare
575 1366 732 1416 solent,
772 1366 853 1405 ulla
892 1365 934 1403 in
972 1368 1090 1416 parte
1129 1364 1331 1405 adversati
1371 1365 1521 1412 simus;

161 1421 202 1461 id
243 1422 349 1473 quod
390 1427 501 1463 tanto
542 1424 694 1462 certius
736 1432 971 1462 asseverare
1009 1421 1132 1468 licet,
1171 1420 1278 1471 quod
1311 1420 1440 1459 Deum
1469 1422 1519 1460 ab

162 1478 265 1517 ideis
295 1480 515 1519 secundum
544 1479 723 1518 Platonis
753 1478 995 1518 sententiam
1026 1478 1166 1528 utique
1195 1490 1290 1517 esse
1319 1478 1522 1517 diversum

162 1536 283 1587 plane
314 1537 566 1587 exploratum
594 1537 747 1575 habere
776 1536 968 1575 videmur.
1025 1533 1088 1574 De
1118 1547 1193 1585 qua
1222 1547 1269 1575 re
1299 1535 1523 1575 contulisse

162 1592 326 1641 iuvabit,
356 1606 458 1644 quae
487 1606 618 1644 nuper
647 1594 686 1632 iu
718 1593 908 1643 Prolegg.
939 1590 987 1629 ad
1018 1591 1299 1632 Parmenidem
1329 1592 1355 1630 l.
1389 1605 1422 1632 c.
1453 1605 1523 1631 co·

164 1650 316 1700 piosius
348 1651 617 1701 exposuimus.
677 1650 948 1700 Quamobrem
977 1648 1056 1687 iam
1087 1649 1174 1687 sine
1203 1661 1317 1688 mora
1359 1648 1409 1687 ad
1446 1648 1524 1688 alia

164 1719 338 1758 pergere
367 1707 519 1746 licebit.

278 1785 545 1836 Posteaquam
584 1785 710 1836 igitur
747 1785 934 1836 apparuit
973 1789 1163 1824 motum
1206 1788 1249 1824 et
1274 1785 1523 1849 quietem

166 1854 244 1881 non
285 1843 414 1880 minus
454 1855 567 1890 esse,
607 1855 723 1892 quam
761 1842 894 1894 ipsum
934 1837 986 1881 τὸ
1028 1836 1081 1882 ὄν
1119 1843 1203 1881 sive
1233 1836 1314 1890 τὴν
1345 1838 1523 1887 οὐσίαν,

167 1899 407 1951 proceditur
437 1899 529 1936 dein
556 1898 604 1936 ad
636 1899 912 1948 quaestionem
944 1910 1022 1936 non
1054 1900 1184 1938 minus
1214 1911 1389 1949 graxem,
1422 1910 1525 1948 quae

169 1959 234 1994 est
271 1955 331 1994 de
370 1959 543 1993 mutua
579 1954 807 1993 idearum
845 1955 990 1993 inter
1031 1967 1087 1993 se
1117 1955 1525 1995 coniunctione.

167 2012 281 2060 Quae
313 2013 473 2062 quidem
513 2012 553 2050 in
596 2012 830 2062 quibusnam
860 2011 984 2050 rebus
1014 2016 1202 2051 cernatur
1234 2012 1428 2062 quibusve
1459 2025 1526 2049 re-

155 2073 288 2120 ssgatur
316 2069 473 2120 legibus
513 2073 635 2118 atque
663 2068 835 2116 finibus,
880 2068 960 2106 etsi
1000 2068 1169 2107 difficile
1196 2069 1356 2107 videtur
1385 2069 1525 2119 exqui—

169 2138 285 2172 rere,
324 2130 460 2164 tamen
501 2124 686 2176 exemplo
725 2124 906 2163 idearum
943 2124 1027 2162 sive
1067 2126 1275 2163 notionum
1315 2125 1435 2163 modo
1465 2126 1527 2164 in-

171 2183 457 2233 vestigatarum
490 2181 694 2220 luculente
723 2180 963 2220 ostenditur.
1023 2182 1154 2231 Quum
1186 2183 1290 2221 enim
1322 2185 1456 2220 motus
1486 2187 1528 2221 et

173 2239 287 2289 quies
320 2240 425 2277 inter
455 2251 500 2276 se
531 2241 733 2289 pugnent,
765 2239 945 2277 essentia
974 2242 1107 2277 autem
1140 2240 1181 2279 in
1210 2244 1425 2289 utrumque
1457 2252 1528 2289 pa—

171 2296 274 2334 riter
304 2296 524 2341 conveniat,
556 2294 715 2336 ducitur
744 2295 839 2334 inde
859 2295 1089 2343 conclusio,
1119 2296 1225 2333 inter
1255 2295 1365 2333 ideas
1388 2308 1527 2333 omnes

172 2351 252 2390 hoc
290 2353 543 2391 intercedere
584 2351 845 2399 discriminis,
883 2355 930 2389 ut
968 2352 1068 2391 aliae
1108 2353 1214 2392 inter
1244 2365 1290 2391 se
1321 2353 1402 2393 sint
1434 2364 1529 2391 con·

175 2410 322 2447 trariae
353 2413 395 2449 et
428 2409 666 2460 oppositae,
697 2408 797 2447 aliae
829 2409 985 2460 possint
1016 2410 1205 2461 coniungi
1235 2414 1375 2448 mutuo
1406 2414 1528 2459 atque

175 2465 281 2503 inter
320 2466 428 2517 ipsas
460 2465 678 2505 conciliari.
737 2464 886 2503 Tribus
916 2465 996 2503 illis
1027 2465 1148 2513 ideis,
1187 2467 1322 2513 enti,
1363 2466 1529 2505 motui

177 2526 230 2559 et
261 2522 432 2573 quieti
462 2522 662 2559 adduntur
681 2521 783 2560 duae
803 2522 918 2570 aliae,
938 2521 1285 2563 diversitatis
1315 2526 1359 2562 et
1386 2522 1531 2568 ideir-⁴

177 2579 376 2618 titatis:
419 2592 508 2618 nam
554 2579 630 2617 tria
661 2578 726 2616 illa
757 2591 907 2630 genera
933 2591 1051 2630 quum
1083 2593 1104 2618 a
1135 2592 1180 2617 se
1211 2580 1381 2619 invicem
1413 2579 1529 2618 diffe-

178 2640 288 2682 rant,
319 2641 449 2674 tameu
480 2636 518 2674 in
550 2648 595 2673 se
626 2640 807 2686 spectata
837 2633 888 2674 τὸ
919 2631 1084 2676 ταύτόν
1115 2636 1288 2685 habeut,
1333 2637 1531 2688 siquidem

177 2693 489 2744 unumquodque
518 2692 579 2731 sui
609 2704 772 2744 semper
791 2691 924 2731 simile
952 2692 1006 2731 sit
1023 2705 1193 2732 necesse
1222 2698 1286 2733 est
1315 2706 1360 2732 ac
1393 2706 1530 2733 secum
