<?xml version="1.0" encoding="UTF-8"?>
<!DOCTYPE html PUBLIC "-//W3C//DTD XHTML 1.0 Transitional//EN"
    "http://www.w3.org/TR/xhtml1/DTD/xhtml1-transitional.dtd">
<html xmlns="http://www.w3.org/1999/xhtml" xml:lang="en" lang="en">
 <head>
  <title>
</title>
<meta http-equiv="Content-Type" content="text/html;charset=utf-8" />
  <meta name='ocr-system' content='tesseract 3.04.00' />
  <meta name='ocr-capabilities' content='ocr_page ocr_carea ocr_par ocr_line ocrx_word'/>
</head>
<body>
  <div class='ocr_page' id='page_1' title='image "./operaomniarecens08platuoft_0068.png"; bbox 0 0 1716 2970; ppageno 0'>
   <div class='ocr_carea' id='block_1_1' title="bbox 172 78 997 132">
    <p class='ocr_par' dir='ltr' id='par_1_1' title="bbox 172 78 997 132">
     <span class='ocr_line' id='line_1_1' title="bbox 172 78 997 132; baseline 0.004 -7"><span class='ocrx_word' id='word_1_1' title='bbox 172 88 227 132; x_wconf 81' lang='lat'><strong><em>56</em></strong></span> <span class='ocrx_word' id='word_1_2' title='bbox 634 78 642 88; x_wconf 55' lang='lat'>⁸</span> <span class='ocrx_word' id='word_1_3' title='bbox 724 92 997 128; x_wconf 72' lang='grc' dir='ltr'><strong>ΠΛΑΤΩΝΟΣ</strong></span> 
     </span>
    </p>
   </div>
   <div class='ocr_carea' id='block_1_2' title="bbox 87 201 1623 1593">
    <p class='ocr_par' dir='ltr' id='par_1_2' title="bbox 166 201 1567 334">
     <span class='ocr_line' id='line_1_2' title="bbox 166 201 1567 269; baseline 0.007 -21"><span class='ocrx_word' id='word_1_4' title='bbox 166 203 308 256; x_wconf 73' lang='grc' dir='ltr'><strong><em>ἄλλως</em></strong></span> <span class='ocrx_word' id='word_1_5' title='bbox 333 201 568 263; x_wconf 78' lang='grc' dir='ltr'><strong><em>εὐδοκίμου</em></strong></span> <span class='ocrx_word' id='word_1_6' title='bbox 591 207 665 252; x_wconf 89' lang='grc' dir='ltr'><strong><em>καὶ</em></strong></span> <span class='ocrx_word' id='word_1_7' title='bbox 687 208 835 264; x_wconf 78' lang='grc' dir='ltr'><strong><em>μέντοι</em></strong></span> <span class='ocrx_word' id='word_1_8' title='bbox 859 209 932 253; x_wconf 84' lang='grc' dir='ltr'><strong><em>καὶ</em></strong></span> <span class='ocrx_word' id='word_1_9' title='bbox 949 206 1107 255; x_wconf 87' lang='grc' dir='ltr'><strong><em>ουσίαν</em></strong></span> <span class='ocrx_word' id='word_1_10' title='bbox 1129 209 1243 268; x_wconf 80' lang='grc' dir='ltr'><strong><em>μάλα</em></strong></span> <span class='ocrx_word' id='word_1_11' title='bbox 1262 210 1429 269; x_wconf 84' lang='grc' dir='ltr'><strong><em>πολλὴν</em></strong></span> <span class='ocrx_word' id='word_1_12' title='bbox 1447 213 1567 259; x_wconf 80' lang='grc' dir='ltr'><strong><em>κατέ·</em></strong></span> 
     </span>
     <span class='ocr_line' id='line_1_3' title="bbox 167 269 1231 334; baseline 0.008 -19"><span class='ocrx_word' id='word_1_13' title='bbox 167 276 307 316; x_wconf 88' lang='grc' dir='ltr'><strong><em>λιπεν.</em></strong></span> <span class='ocrx_word' id='word_1_14' title='bbox 354 269 403 316; x_wconf 88' lang='grc' dir='ltr'><strong>τό</strong></span> <span class='ocrx_word' id='word_1_15' title='bbox 428 269 474 317; x_wconf 82' lang='grc' dir='ltr'><strong><em>δ’</em></strong></span> <span class='ocrx_word' id='word_1_16' title='bbox 504 270 642 331; x_wconf 82' lang='grc' dir='ltr'><strong><em>ὄνομα</em></strong></span> <span class='ocrx_word' id='word_1_17' title='bbox 666 292 747 318; x_wconf 90' lang='grc' dir='ltr'><strong><em>ουκ</em></strong></span> <span class='ocrx_word' id='word_1_18' title='bbox 770 273 871 319; x_wconf 83' lang='grc' dir='ltr'><strong><em>οἶδα</em></strong></span> <span class='ocrx_word' id='word_1_19' title='bbox 888 278 967 320; x_wconf 85' lang='grc' dir='ltr'><strong><em>τοῦ</em></strong></span> <span class='ocrx_word' id='word_1_20' title='bbox 989 282 1231 334; x_wconf 78' lang='grc' dir='ltr'><strong><em>μειρακίου.</em></strong></span> 
     </span>
    </p>

    <p class='ocr_par' dir='ltr' id='par_1_3' title="bbox 166 338 1607 596">
     <span class='ocr_line' id='line_1_4' title="bbox 269 338 1569 402; baseline 0.006 -19"><span class='ocrx_word' id='word_1_21' title='bbox 269 342 399 383; x_wconf 87' lang='grc' dir='ltr'><strong>ΘΕΟ.</strong></span> <span class='ocrx_word' id='word_1_22' title='bbox 467 343 721 397; x_wconf 79' lang='grc' dir='ltr'><strong><em>Θεαίτητος,</em></strong></span> <span class='ocrx_word' id='word_1_23' title='bbox 762 357 796 384; x_wconf 88' lang='grc' dir='ltr'>ω</span> <span class='ocrx_word' id='word_1_24' title='bbox 830 338 1083 399; x_wconf 82' lang='grc' dir='ltr'><strong><em>Σωκρατες,</em></strong></span> <span class='ocrx_word' id='word_1_25' title='bbox 1122 341 1171 388; x_wconf 91' lang='grc' dir='ltr'><strong><em>τό</em></strong></span> <span class='ocrx_word' id='word_1_26' title='bbox 1210 361 1260 401; x_wconf 77' lang='grc' dir='ltr'><strong><em>γε</em></strong></span> <span class='ocrx_word' id='word_1_27' title='bbox 1289 343 1447 402; x_wconf 81' lang='grc' dir='ltr'><strong><em>ὄνομα·</em></strong></span> <span class='ocrx_word' id='word_1_28' title='bbox 1487 343 1569 402; x_wconf 82' lang='grc' dir='ltr'><strong><em>τὴν</em></strong></span> 
     </span>
     <span class='ocr_line' id='line_1_5' title="bbox 166 401 1563 467; baseline 0.006 -19"><span class='ocrx_word' id='word_1_29' title='bbox 166 404 316 460; x_wconf 84' lang='grc' dir='ltr'><strong><em>μέντοι</em></strong></span> <span class='ocrx_word' id='word_1_30' title='bbox 338 401 495 450; x_wconf 89' lang='grc' dir='ltr'><strong><em>ουσίαν</em></strong></span> <span class='ocrx_word' id='word_1_31' title='bbox 520 407 703 451; x_wconf 82' lang='grc' dir='ltr'><strong><em>δοκουσί</em></strong></span> <span class='ocrx_word' id='word_1_32' title='bbox 732 424 805 463; x_wconf 91' lang='grc' dir='ltr'><strong><em>μοι</em></strong></span> <span class='ocrx_word' id='word_1_33' title='bbox 829 409 1058 464; x_wconf 77' lang='grc' dir='ltr'><strong><em>ἐπίτροποί</em></strong></span> <span class='ocrx_word' id='word_1_34' title='bbox 1084 427 1202 462; x_wconf 85' lang='grc' dir='ltr'><strong><em>τινες</em></strong></span> <span class='ocrx_word' id='word_1_35' title='bbox 1234 411 1563 467; x_wconf 79' lang='grc' dir='ltr'><strong><em>διεφθαρκέναι.</em></strong></span> 
     </span>
     <span class='ocr_line' id='line_1_6' title="bbox 166 466 1607 535; baseline 0.006 -21"><span class='ocrx_word' id='word_1_36' title='bbox 166 466 264 514; x_wconf 75' lang='grc' dir='ltr'><strong><em>ἀλλ’</em></strong></span> <span class='ocrx_word' id='word_1_37' title='bbox 302 468 418 528; x_wconf 83' lang='grc' dir='ltr'><strong><em>ὅμως</em></strong></span> <span class='ocrx_word' id='word_1_38' title='bbox 460 473 533 516; x_wconf 84' lang='grc' dir='ltr'><strong><em>καὶ</em></strong></span> <span class='ocrx_word' id='word_1_39' title='bbox 569 471 679 529; x_wconf 83' lang='grc' dir='ltr'><strong><em>πρὸς</em></strong></span> <span class='ocrx_word' id='word_1_40' title='bbox 719 470 800 529; x_wconf 80' lang='grc' dir='ltr'><strong><em>τὴν</em></strong></span> <span class='ocrx_word' id='word_1_41' title='bbox 832 476 922 518; x_wconf 77' lang='grc' dir='ltr'><strong><em>τῶν</em></strong></span> <span class='ocrx_word' id='word_1_42' title='bbox 961 473 1192 532; x_wconf 78' lang='grc' dir='ltr'><strong><em>χρημάτων</em></strong></span> <span class='ocrx_word' id='word_1_43' title='bbox 1233 476 1567 535; x_wconf 77' lang='grc' dir='ltr'><strong><em>ἐλευθεριότητα</em></strong></span> <span class='ocrx_word' id='word_1_44' title='bbox 1583 497 1607 523; x_wconf 72' lang='lat'>⁵</span> 
     </span>
     <span class='ocr_line' id='line_1_7' title="bbox 166 532 774 596; baseline 0.007 -16"><span class='ocrx_word' id='word_1_45' title='bbox 166 535 445 594; x_wconf 77' lang='grc' dir='ltr'><strong><em>θαυμαστός,</em></strong></span> <span class='ocrx_word' id='word_1_46' title='bbox 471 532 506 582; x_wconf 76' lang='grc' dir='ltr'><em>ὦ</em></span> <span class='ocrx_word' id='word_1_47' title='bbox 529 537 774 596; x_wconf 82' lang='grc' dir='ltr'><strong><em>Σωκρατες.</em></strong></span> 
     </span>
    </p>

    <p class='ocr_par' dir='ltr' id='par_1_4' title="bbox 166 603 1567 727">
     <span class='ocr_line' id='line_1_8' title="bbox 267 603 1567 667; baseline 0.005 -19"><span class='ocrx_word' id='word_1_48' title='bbox 267 609 366 648; x_wconf 73' lang='grc' dir='ltr'><strong><em>ΣΩ.</em></strong></span> <span class='ocrx_word' id='word_1_49' title='bbox 422 603 635 650; x_wconf 83' lang='grc' dir='ltr'><strong><em>Γεννικὸν</em></strong></span> <span class='ocrx_word' id='word_1_50' title='bbox 658 607 797 661; x_wconf 79' lang='grc' dir='ltr'><strong><em>λέγεις</em></strong></span> <span class='ocrx_word' id='word_1_51' title='bbox 820 604 897 651; x_wconf 88' lang='grc' dir='ltr'><strong><em>τὸν</em></strong></span> <span class='ocrx_word' id='word_1_52' title='bbox 920 604 1073 664; x_wconf 78' lang='grc' dir='ltr'><strong><em>ἄνδρα.</em></strong></span> <span class='ocrx_word' id='word_1_53' title='bbox 1121 612 1199 653; x_wconf 84' lang='grc' dir='ltr'><strong><em>καί</em></strong></span> <span class='ocrx_word' id='word_1_54' title='bbox 1216 627 1289 667; x_wconf 91' lang='grc' dir='ltr'><strong><em>μοι</em></strong></span> <span class='ocrx_word' id='word_1_55' title='bbox 1312 610 1463 655; x_wconf 80' lang='grc' dir='ltr'><strong><em>κέλευε</em></strong></span> <span class='ocrx_word' id='word_1_56' title='bbox 1486 629 1567 655; x_wconf 87' lang='grc' dir='ltr'><strong><em>αυ-</em></strong></span> 
     </span>
     <span class='ocr_line' id='line_1_9' title="bbox 166 667 844 727; baseline 0.007 -15"><span class='ocrx_word' id='word_1_57' title='bbox 166 667 242 713; x_wconf 85' lang='grc' dir='ltr'><strong><em>τὸν</em></strong></span> <span class='ocrx_word' id='word_1_58' title='bbox 267 668 430 716; x_wconf 77' lang='grc' dir='ltr'><strong><em>ἐνθάδε</em></strong></span> <span class='ocrx_word' id='word_1_59' title='bbox 453 675 844 727; x_wconf 79' lang='grc' dir='ltr'><strong><em>παρακαθίζεσθαι.</em></strong></span> 
     </span>
    </p>

    <p class='ocr_par' dir='ltr' id='par_1_5' title="bbox 167 735 1623 859">
     <span class='ocr_line' id='line_1_10' title="bbox 267 735 1567 798; baseline 0.005 -17"><span class='ocrx_word' id='word_1_60' title='bbox 267 741 398 782; x_wconf 86' lang='grc' dir='ltr'><strong>ΘΕΟ.</strong></span> <span class='ocrx_word' id='word_1_61' title='bbox 454 735 605 783; x_wconf 77' lang='grc' dir='ltr'><strong><em>’Ἑσται</em></strong></span> <span class='ocrx_word' id='word_1_62' title='bbox 638 740 786 783; x_wconf 80' lang='grc' dir='ltr'><strong><em>ταῦτα.</em></strong></span> <span class='ocrx_word' id='word_1_63' title='bbox 859 739 1092 797; x_wconf 85' lang='grc' dir='ltr'><strong><em>Θεαίτητε,</em></strong></span> <span class='ocrx_word' id='word_1_64' title='bbox 1134 742 1268 797; x_wconf 81' lang='grc' dir='ltr'><strong><em>δεῦρο</em></strong></span> <span class='ocrx_word' id='word_1_65' title='bbox 1308 740 1426 798; x_wconf 78' lang='grc' dir='ltr'><strong><em>παρὰ</em></strong></span> <span class='ocrx_word' id='word_1_66' title='bbox 1467 749 1567 788; x_wconf 86' lang='grc' dir='ltr'><strong><em>Σω-</em></strong></span> 
     </span>
     <span class='ocr_line' id='line_1_11' title="bbox 167 819 1623 859; baseline 0.006 -13"><span class='ocrx_word' id='word_1_67' title='bbox 167 819 315 859; x_wconf 84' lang='grc' dir='ltr'><strong><em>κρατη.</em></strong></span> <span class='ocrx_word' id='word_1_68' title='bbox 1587 831 1623 855; x_wconf 75' lang='lat' dir='ltr'><strong><em>xo</em></strong></span> 
     </span>
    </p>

    <p class='ocr_par' dir='ltr' id='par_1_6' title="bbox 165 863 1568 997">
     <span class='ocr_line' id='line_1_12' title="bbox 266 863 1567 932; baseline 0.004 -18"><span class='ocrx_word' id='word_1_69' title='bbox 266 874 364 914; x_wconf 75' lang='grc' dir='ltr'><strong><em>Σῼ.</em></strong></span> <span class='ocrx_word' id='word_1_70' title='bbox 423 868 555 915; x_wconf 77' lang='grc' dir='ltr'><strong><em>Πάνυ</em></strong></span> <span class='ocrx_word' id='word_1_71' title='bbox 577 870 658 927; x_wconf 74' lang='grc' dir='ltr'><strong><em>μὲν</em></strong></span> <span class='ocrx_word' id='word_1_72' title='bbox 681 863 784 928; x_wconf 83' lang='grc' dir='ltr'><strong><em>οὖν,</em></strong></span> <span class='ocrx_word' id='word_1_73' title='bbox 817 889 852 916; x_wconf 86' lang='grc' dir='ltr'><strong>ω</strong></span> <span class='ocrx_word' id='word_1_74' title='bbox 877 875 1151 930; x_wconf 74' lang='grc' dir='ltr'><strong><em>Θεαίτητε,”</em></strong></span> <span class='ocrx_word' id='word_1_75' title='bbox 1132 892 1205 918; x_wconf 89' lang='grc' dir='ltr'><strong><em>ινα</em></strong></span> <span class='ocrx_word' id='word_1_76' title='bbox 1229 872 1349 930; x_wconf 75' lang='grc' dir='ltr'><strong><em>κάγώ</em></strong></span> <span class='ocrx_word' id='word_1_77' title='bbox 1381 873 1567 932; x_wconf 81' lang='grc' dir='ltr'><strong><em>ἐμαυτὸν</em></strong></span> 
     </span>
     <span class='ocr_line' id='line_1_13' title="bbox 165 930 1568 997; baseline 0.005 -18"><span class='ocrx_word' id='word_1_78' title='bbox 165 930 493 993; x_wconf 80' lang='grc' dir='ltr'><strong><em>ἆνασκέψωμαι,</em></strong></span> <span class='ocrx_word' id='word_1_79' title='bbox 517 934 644 983; x_wconf 79' lang='grc' dir='ltr'><strong><em>ποῖόν</em></strong></span> <span class='ocrx_word' id='word_1_80' title='bbox 666 955 708 981; x_wconf 89' lang='grc' dir='ltr'><strong><em>τι</em></strong></span> <span class='ocrx_word' id='word_1_81' title='bbox 731 942 814 995; x_wconf 83' lang='grc' dir='ltr'><strong><em>ἔχω</em></strong></span> <span class='ocrx_word' id='word_1_82' title='bbox 837 936 884 983; x_wconf 88' lang='grc' dir='ltr'><strong><em>τὸ</em></strong></span> <span class='ocrx_word' id='word_1_83' title='bbox 902 936 1151 996; x_wconf 86' lang='grc' dir='ltr'><strong><em>πρόσωπον.</em></strong></span> <span class='ocrx_word' id='word_1_84' title='bbox 1193 942 1331 996; x_wconf 82' lang='grc' dir='ltr'><strong><em>φησὶν</em></strong></span> <span class='ocrx_word' id='word_1_85' title='bbox 1353 940 1436 997; x_wconf 82' lang='grc' dir='ltr'><strong><em>γὰρ</em></strong></span> <span class='ocrx_word' id='word_1_86' title='bbox 1455 939 1568 987; x_wconf 87' lang='grc' dir='ltr'><strong><em>Θεό-</em></strong></span> 
     </span>
    </p>

    <p class='ocr_par' dir='ltr' id='par_1_7' title="bbox 122 1000 1620 1196">
     <span class='ocr_line' id='line_1_14' title="bbox 122 1000 1568 1065; baseline 0.006 -20"><span class='ocrx_word' id='word_1_87' title='bbox 122 1013 151 1045; x_wconf 84' lang='grc' dir='ltr'><strong>Ε</strong></span> <span class='ocrx_word' id='word_1_88' title='bbox 169 1003 308 1058; x_wconf 78' lang='grc' dir='ltr'><strong><em>δωρος</em></strong></span> <span class='ocrx_word' id='word_1_89' title='bbox 327 1006 442 1060; x_wconf 77' lang='grc' dir='ltr'><strong><em>ἔχειν</em></strong></span> <span class='ocrx_word' id='word_1_90' title='bbox 464 1020 518 1060; x_wconf 85' lang='grc' dir='ltr'><strong><em>με</em></strong></span> <span class='ocrx_word' id='word_1_91' title='bbox 541 1001 657 1048; x_wconf 67' lang='grc' dir='ltr'><strong><em>σοὶ”</em></strong></span> <span class='ocrx_word' id='word_1_92' title='bbox 633 1021 796 1061; x_wconf 89' lang='grc' dir='ltr'><strong><em>ομοιον.</em></strong></span> <span class='ocrx_word' id='word_1_93' title='bbox 832 1000 940 1061; x_wconf 78' lang='grc' dir='ltr'><strong><em>ἇτάρ</em></strong></span> <span class='ocrx_word' id='word_1_94' title='bbox 964 1009 1006 1050; x_wconf 83' lang='grc' dir='ltr'><strong><em>εἰ</em></strong></span> <span class='ocrx_word' id='word_1_95' title='bbox 1029 1008 1121 1065; x_wconf 79' lang='grc' dir='ltr'><strong><em>νῷν</em></strong></span> <span class='ocrx_word' id='word_1_96' title='bbox 1144 1004 1338 1063; x_wconf 78' lang='grc' dir='ltr'><strong><em>ἐχόντων</em></strong></span> <span class='ocrx_word' id='word_1_97' title='bbox 1361 1008 1568 1065; x_wconf 78' lang='grc' dir='ltr'><strong><em>ἑκατέρου</em></strong></span> 
     </span>
     <span class='ocr_line' id='line_1_15' title="bbox 165 1066 1568 1129; baseline 0.004 -17"><span class='ocrx_word' id='word_1_98' title='bbox 165 1066 306 1125; x_wconf 84' lang='grc' dir='ltr'><strong><em>λύραν</em></strong></span> <span class='ocrx_word' id='word_1_99' title='bbox 340 1072 425 1126; x_wconf 81' lang='grc' dir='ltr'><strong><em>ἔφη</em></strong></span> <span class='ocrx_word' id='word_1_100' title='bbox 465 1087 600 1122; x_wconf 82' lang='grc' dir='ltr'><strong><em>αυτας</em></strong></span> <span class='ocrx_word' id='word_1_101' title='bbox 640 1068 860 1127; x_wconf 81' lang='grc' dir='ltr'><strong><em>ἡρμόσθαι</em></strong></span> <span class='ocrx_word' id='word_1_102' title='bbox 900 1067 1081 1129; x_wconf 83' lang='grc' dir='ltr'><strong><em>ὁμοίως,</em></strong></span> <span class='ocrx_word' id='word_1_103' title='bbox 1121 1070 1306 1129; x_wconf 87' lang='grc' dir='ltr'><strong><em>πότερον</em></strong></span> <span class='ocrx_word' id='word_1_104' title='bbox 1340 1070 1477 1125; x_wconf 76' lang='grc' dir='ltr'><strong><em>εὐθυς</em></strong></span> <span class='ocrx_word' id='word_1_105' title='bbox 1511 1070 1568 1118; x_wconf 77' lang='grc' dir='ltr'><strong><em>ἂν</em></strong></span> 
     </span>
     <span class='ocr_line' id='line_1_16' title="bbox 167 1129 1620 1196; baseline 0.005 -18"><span class='ocrx_word' id='word_1_106' title='bbox 167 1133 451 1192; x_wconf 82' lang='grc' dir='ltr'><strong><em>ἐπιστεύομεν</em></strong></span> <span class='ocrx_word' id='word_1_107' title='bbox 475 1132 501 1192; x_wconf 83' lang='grc' dir='ltr'><em>ἢ</em></span> <span class='ocrx_word' id='word_1_108' title='bbox 527 1129 851 1194; x_wconf 74' lang='grc' dir='ltr'><strong><em>ἐπεσκεψάμεθ’</em></strong></span> <span class='ocrx_word' id='word_1_109' title='bbox 876 1132 933 1182; x_wconf 76' lang='grc' dir='ltr'><strong><em>ἂν</em></strong></span> <span class='ocrx_word' id='word_1_110' title='bbox 957 1142 997 1183; x_wconf 84' lang='grc' dir='ltr'><strong><em>εἰ</em></strong></span> <span class='ocrx_word' id='word_1_111' title='bbox 1018 1136 1225 1195; x_wconf 79' lang='grc' dir='ltr'><strong><em>μουσικὸς</em></strong></span> <span class='ocrx_word' id='word_1_112' title='bbox 1249 1135 1311 1184; x_wconf 72' lang='grc' dir='ltr'><strong><em>ὧν</em></strong></span> <span class='ocrx_word' id='word_1_113' title='bbox 1334 1139 1475 1196; x_wconf 71' lang='grc' dir='ltr'><strong><em>λέγεις</em></strong></span> <span class='ocrx_word' id='word_1_114' title='bbox 1586 1160 1620 1186; x_wconf 76' lang='lat'><strong><em>15</em></strong></span> 
     </span>
    </p>

    <p class='ocr_par' dir='ltr' id='par_1_8' title="bbox 87 1199 1623 1593">
     <span class='ocr_line' id='line_1_17' title="bbox 269 1199 912 1260; baseline 0.005 -14"><span class='ocrx_word' id='word_1_115' title='bbox 269 1207 426 1246; x_wconf 86' lang='grc' dir='ltr'><strong>ΘΕΛΙ.</strong></span> <span class='ocrx_word' id='word_1_116' title='bbox 471 1199 818 1260; x_wconf 79' lang='grc' dir='ltr'><strong><em>Ἐπεσκεψάμεθ’</em></strong></span> <span class='ocrx_word' id='word_1_117' title='bbox 844 1201 912 1249; x_wconf 79' lang='grc' dir='ltr'><strong><em>ἅν.</em></strong></span> 
     </span>
     <span class='ocr_line' id='line_1_18' title="bbox 265 1266 1567 1329; baseline 0.003 -16"><span class='ocrx_word' id='word_1_118' title='bbox 265 1273 364 1313; x_wconf 77' lang='grc' dir='ltr'><strong><em>ΣΩ.</em></strong></span> <span class='ocrx_word' id='word_1_119' title='bbox 437 1267 615 1314; x_wconf 82' lang='grc' dir='ltr'><strong><em>Οὐκοῦν</em></strong></span> <span class='ocrx_word' id='word_1_120' title='bbox 635 1271 834 1314; x_wconf 84' lang='grc' dir='ltr'><strong><em>τοιοῦτον</em></strong></span> <span class='ocrx_word' id='word_1_121' title='bbox 866 1269 947 1327; x_wconf 75' lang='grc' dir='ltr'><strong><em>μὲν</em></strong></span> <span class='ocrx_word' id='word_1_122' title='bbox 978 1266 1179 1326; x_wconf 81' lang='grc' dir='ltr'><strong><em>εὑρόντες</em></strong></span> <span class='ocrx_word' id='word_1_123' title='bbox 1204 1268 1463 1329; x_wconf 77' lang='grc' dir='ltr'><strong><em>ἑπειθόμεθ’</em></strong></span> <span class='ocrx_word' id='word_1_124' title='bbox 1496 1269 1567 1328; x_wconf 77' lang='grc' dir='ltr'><strong><em>ἄν,</em></strong></span> 
     </span>
     <span class='ocr_line' id='line_1_19' title="bbox 118 1330 789 1393; baseline 0.006 -16"><span class='ocrx_word' id='word_1_125' title='bbox 118 1355 124 1360; x_wconf 92' lang='grc'><strong><em>·</em></strong></span> <span class='ocrx_word' id='word_1_126' title='bbox 167 1330 365 1390; x_wconf 78' lang='grc' dir='ltr'><strong><em>ἄμουσον</em></strong></span> <span class='ocrx_word' id='word_1_127' title='bbox 390 1336 465 1391; x_wconf 77' lang='grc' dir='ltr'><strong><em>δέ,</em></strong></span> <span class='ocrx_word' id='word_1_128' title='bbox 491 1332 789 1393; x_wconf 83' lang='grc' dir='ltr'><strong><em>ἠπιστοῦμεν;</em></strong></span> 
     </span>
     <span class='ocr_line' id='line_1_20' title="bbox 267 1398 647 1459; baseline 0.003 -14"><span class='ocrx_word' id='word_1_129' title='bbox 267 1406 424 1446; x_wconf 81' lang='grc' dir='ltr'><em>ΘΕΑΙ.</em></span> <span class='ocrx_word' id='word_1_130' title='bbox 471 1398 647 1459; x_wconf 72' lang='grc' dir='ltr'><strong><em>Ἀληθῆ.</em></strong></span> 
     </span>
     <span class='ocr_line' id='line_1_21' title="bbox 266 1465 1623 1527; baseline 0.004 -15"><span class='ocrx_word' id='word_1_131' title='bbox 266 1473 364 1512; x_wconf 74' lang='grc' dir='ltr'><strong><em>ΣΩ.</em></strong></span> <span class='ocrx_word' id='word_1_132' title='bbox 408 1469 512 1513; x_wconf 78' lang='grc' dir='ltr'><strong><em>Νῦν</em></strong></span> <span class='ocrx_word' id='word_1_133' title='bbox 539 1468 592 1513; x_wconf 79' lang='grc' dir='ltr'><strong><em>δέ</em></strong></span> <span class='ocrx_word' id='word_1_134' title='bbox 610 1465 672 1525; x_wconf 77' lang='grc' dir='ltr'><strong><em>γ’,</em></strong></span> <span class='ocrx_word' id='word_1_135' title='bbox 697 1467 831 1526; x_wconf 82' lang='grc' dir='ltr'><strong><em>οἶμαι,</em></strong></span> <span class='ocrx_word' id='word_1_136' title='bbox 853 1475 896 1514; x_wconf 73' lang='grc' dir='ltr'><strong><em>εἴ</em></strong></span> <span class='ocrx_word' id='word_1_137' title='bbox 907 1487 949 1514; x_wconf 89' lang='grc' dir='ltr'><strong><em>τι</em></strong></span> <span class='ocrx_word' id='word_1_138' title='bbox 970 1469 1091 1526; x_wconf 80' lang='grc' dir='ltr'><strong><em>μέλει</em></strong></span> <span class='ocrx_word' id='word_1_139' title='bbox 1109 1465 1214 1527; x_wconf 81' lang='grc' dir='ltr'><strong><em>ἡμῖν</em></strong></span> <span class='ocrx_word' id='word_1_140' title='bbox 1230 1471 1305 1526; x_wconf 83' lang='grc' dir='ltr'><strong><em>τῆς</em></strong></span> <span class='ocrx_word' id='word_1_141' title='bbox 1323 1474 1411 1515; x_wconf 77' lang='grc' dir='ltr'><strong><em>τῶν</em></strong></span> <span class='ocrx_word' id='word_1_142' title='bbox 1436 1485 1567 1526; x_wconf 87' lang='grc' dir='ltr'><strong><em>προσ·</em></strong></span> <span class='ocrx_word' id='word_1_143' title='bbox 1584 1492 1623 1518; x_wconf 80' lang='lat'><strong><em>20</em></strong></span> 
     </span>
     <span class='ocr_line' id='line_1_22' title="bbox 87 1530 1491 1593; baseline 0.009 -24"><span class='ocrx_word' id='word_1_144' title='bbox 87 1541 150 1571; x_wconf 83' lang='lat'><strong><em>145</em></strong></span> <span class='ocrx_word' id='word_1_145' title='bbox 167 1530 300 1577; x_wconf 82' lang='grc' dir='ltr'><strong><em>ω’πων</em></strong></span> <span class='ocrx_word' id='word_1_146' title='bbox 322 1531 596 1592; x_wconf 83' lang='grc' dir='ltr'><strong><em>ὁμοιότητος,</em></strong></span> <span class='ocrx_word' id='word_1_147' title='bbox 622 1535 832 1580; x_wconf 79' lang='grc' dir='ltr'><strong><em>σκεπτέον</em></strong></span> <span class='ocrx_word' id='word_1_148' title='bbox 856 1539 896 1580; x_wconf 83' lang='grc' dir='ltr'><strong><em>εἰ</em></strong></span> <span class='ocrx_word' id='word_1_149' title='bbox 917 1533 1130 1593; x_wconf 81' lang='grc' dir='ltr'><strong><em>γραφικὸς</em></strong></span> <span class='ocrx_word' id='word_1_150' title='bbox 1153 1532 1216 1581; x_wconf 74' lang='grc' dir='ltr'><strong><em>ὦν</em></strong></span> <span class='ocrx_word' id='word_1_151' title='bbox 1237 1537 1354 1593; x_wconf 81' lang='grc' dir='ltr'><strong><em>λέγει</em></strong></span> <span class='ocrx_word' id='word_1_152' title='bbox 1376 1531 1403 1593; x_wconf 82' lang='grc' dir='ltr'><strong><em>ἦ</em></strong></span> <span class='ocrx_word' id='word_1_153' title='bbox 1426 1534 1491 1582; x_wconf 84' lang='grc' dir='ltr'><strong><em>οὔ.</em></strong></span> 
     </span>
    </p>
   </div>
   <div class='ocr_carea' id='block_1_3' title="bbox 116 347 150 378">
    <p class='ocr_par' dir='ltr' id='par_1_9' title="bbox 116 347 150 378">
     <span class='ocr_line' id='line_1_23' title="bbox 116 347 150 378; textangle 90"><span class='ocrx_word' id='word_1_154' title='bbox 116 347 150 378; x_wconf 63' lang='grc' dir='ltr'><strong><em>ζ’</em></strong></span> 
     </span>
    </p>
   </div>
   <div class='ocr_carea' id='block_1_4' title="bbox 260 1624 1299 1698">
    <p class='ocr_par' dir='ltr' id='par_1_10' title="bbox 260 1624 1299 1698">
     <span class='ocr_line' id='line_1_24' title="bbox 260 1624 1299 1698; baseline 0.003 -14"><span class='ocrx_word' id='word_1_155' title='bbox 260 1655 272 1683; x_wconf 91' lang='lat'><strong>1</strong></span> <span class='ocrx_word' id='word_1_156' title='bbox 302 1646 506 1694; x_wconf 78' lang='grc' dir='ltr'><strong><em>εὐδόκιμον</em></strong></span> <span class='ocrx_word' id='word_1_157' title='bbox 524 1656 576 1696; x_wconf 92' lang='grc' dir='ltr'><strong><em>Δ,</em></strong></span> <span class='ocrx_word' id='word_1_158' title='bbox 603 1624 806 1698; x_wconf 55' lang='grc' dir='ltr'><strong><em>εὖδόκίμῧῖ</em></strong></span> <span class='ocrx_word' id='word_1_159' title='bbox 830 1654 929 1688; x_wconf 62' lang='lat'><strong>21110.</strong></span> <span class='ocrx_word' id='word_1_160' title='bbox 1023 1655 1045 1687; x_wconf 85' lang='lat'>9</span> <span class='ocrx_word' id='word_1_161' title='bbox 1067 1651 1145 1687; x_wconf 74' lang='grc' dir='ltr'><strong><em>ἔστι</em></strong></span> <span class='ocrx_word' id='word_1_162' title='bbox 1167 1654 1299 1689; x_wconf 66' lang='grc' dir='ltr'><strong><em>ἮΔΠ.</em></strong></span> 
     </span>
    </p>
   </div>
   <div class='ocr_carea' id='block_1_5' title="bbox 166 1726 1573 2436">
    <p class='ocr_par' dir='ltr' id='par_1_11' title="bbox 166 1726 1573 2083">
     <span class='ocr_line' id='line_1_25' title="bbox 214 1726 1566 1774; baseline 0.003 -14"><span class='ocrx_word' id='word_1_163' title='bbox 214 1730 230 1760; x_wconf 94' lang='grc'>1</span> <span class='ocrx_word' id='word_1_164' title='bbox 266 1727 331 1761; x_wconf 77' lang='grc' dir='ltr'><strong><em>καὶ</em></strong></span> <span class='ocrx_word' id='word_1_165' title='bbox 361 1726 489 1771; x_wconf 84' lang='grc' dir='ltr'><strong><em>μέντοι</em></strong></span> <span class='ocrx_word' id='word_1_166' title='bbox 519 1728 583 1763; x_wconf 74' lang='grc' dir='ltr'><strong><em>καὶ</em></strong></span> <span class='ocrx_word' id='word_1_167' title='bbox 617 1748 658 1755; x_wconf 87' lang='lat'><strong><em>——</em></strong></span> <span class='ocrx_word' id='word_1_168' title='bbox 687 1728 833 1764; x_wconf 83' lang='grc' dir='ltr'><strong><em>κατελι-</em></strong></span> <span class='ocrx_word' id='word_1_169' title='bbox 902 1741 1021 1770; x_wconf 83' lang='grc' dir='ltr'><strong><em>ουτως</em></strong></span> <span class='ocrx_word' id='word_1_170' title='bbox 1046 1730 1094 1774; x_wconf 84' lang='grc' dir='ltr'><strong><em>(ρ.</em></strong></span> <span class='ocrx_word' id='word_1_171' title='bbox 1118 1731 1219 1764; x_wconf 82' lang='grc' dir='ltr'>191Ε</span> <span class='ocrx_word' id='word_1_172' title='bbox 1251 1731 1384 1771; x_wconf 74' lang='lat'><strong>19713),</strong></span> <span class='ocrx_word' id='word_1_173' title='bbox 1414 1732 1478 1764; x_wconf 87' lang='lat' dir='ltr'><strong><em>ubi</em></strong></span> <span class='ocrx_word' id='word_1_174' title='bbox 1502 1732 1566 1764; x_wconf 89' lang='lat' dir='ltr'><strong><em>ali-</em></strong></span> 
     </span>
     <span class='ocr_line' id='line_1_26' title="bbox 166 1755 1466 1826; baseline 0.002 -21"><span class='ocrx_word' id='word_1_175' title='bbox 166 1782 239 1806; x_wconf 87' lang='grc' dir='ltr'><strong><em>πεν</em></strong></span> <span class='ocrx_word' id='word_1_176' title='bbox 254 1777 340 1815; x_wconf 86' lang='lat' dir='ltr'><strong>apte</strong></span> <span class='ocrx_word' id='word_1_177' title='bbox 364 1774 653 1826; x_wconf 77' lang='lat' dir='ltr'><strong>coniungendam</strong></span> <span class='ocrx_word' id='word_1_178' title='bbox 677 1779 732 1808; x_wconf 83' lang='lat' dir='ltr'><strong><em>est</em></strong></span> <span class='ocrx_word' id='word_1_179' title='bbox 754 1786 834 1808; x_wconf 88' lang='lat' dir='ltr'><strong><em>cum</em></strong></span> <span class='ocrx_word' id='word_1_180' title='bbox 903 1775 986 1817; x_wconf 85' lang='lat' dir='ltr'><strong><em>quid</em></strong></span> <span class='ocrx_word' id='word_1_181' title='bbox 1004 1776 1155 1808; x_wconf 84' lang='lat' dir='ltr'><strong>sumitur</strong></span> <span class='ocrx_word' id='word_1_182' title='bbox 1172 1775 1227 1809; x_wconf 86' lang='lat' dir='ltr'><strong><em>vel</em></strong></span> <span class='ocrx_word' id='word_1_183' title='bbox 1245 1755 1466 1810; x_wconf 82' lang='lat' dir='ltr'>conceditur.</span> 
     </span>
     <span class='ocr_line' id='line_1_27' title="bbox 168 1810 1567 1869; baseline 0.002 -20"><span class='ocrx_word' id='word_1_184' title='bbox 168 1818 338 1859; x_wconf 86' lang='lat' dir='ltr'><strong>genetivo</strong></span> <span class='ocrx_word' id='word_1_185' title='bbox 355 1814 573 1869; x_wconf 78' lang='grc' dir='ltr'><strong><em>εὐδοκίμου.</em></strong></span> <span class='ocrx_word' id='word_1_186' title='bbox 606 1819 662 1854; x_wconf 81' lang='lat' dir='ltr'><strong>cf.</strong></span> <span class='ocrx_word' id='word_1_187' title='bbox 681 1830 716 1862; x_wconf 88' lang='lat' dir='ltr'><strong><em>p.</em></strong></span> <span class='ocrx_word' id='word_1_188' title='bbox 735 1819 832 1852; x_wconf 79' lang='lat'>1680</span> <span class='ocrx_word' id='word_1_189' title='bbox 947 1819 1141 1863; x_wconf 57' lang='lat' dir='ltr'><strong><em>&amp;sotim</em></strong></span> <span class='ocrx_word' id='word_1_190' title='bbox 1195 1820 1396 1853; x_wconf 78' lang='lat' dir='ltr'><strong>vocativus</strong></span> <span class='ocrx_word' id='word_1_191' title='bbox 1427 1821 1506 1853; x_wconf 80' lang='lat' dir='ltr'><strong>aine</strong></span> <span class='ocrx_word' id='word_1_192' title='bbox 1538 1810 1567 1852; x_wconf 73' lang='grc' dir='ltr'><strong><em>ὦ</em></strong></span> 
     </span>
     <span class='ocr_line' id='line_1_28' title="bbox 167 1857 1573 1914; baseline 0.003 -21"><span class='ocrx_word' id='word_1_193' title='bbox 167 1860 233 1894; x_wconf 81' lang='grc' dir='ltr'><strong><em>τοῦ</em></strong></span> <span class='ocrx_word' id='word_1_194' title='bbox 257 1857 512 1914; x_wconf 82' lang='grc' dir='ltr'><strong><em>Πρωταγόρου</em></strong></span> <span class='ocrx_word' id='word_1_195' title='bbox 540 1862 605 1896; x_wconf 78' lang='grc' dir='ltr'><strong><em>καὶ</em></strong></span> <span class='ocrx_word' id='word_1_196' title='bbox 627 1859 834 1914; x_wconf 75' lang='grc' dir='ltr'><strong><em>ὄνειδίζον-</em></strong></span> <span class='ocrx_word' id='word_1_197' title='bbox 902 1867 960 1896; x_wconf 85' lang='lat' dir='ltr'><strong><em>est</em></strong></span> <span class='ocrx_word' id='word_1_198' title='bbox 998 1864 1210 1906; x_wconf 76' lang='lat' dir='ltr'><strong>imperantis</strong></span> <span class='ocrx_word' id='word_1_199' title='bbox 1240 1864 1301 1897; x_wconf 88' lang='lat' dir='ltr'><strong><em>vel</em></strong></span> <span class='ocrx_word' id='word_1_200' title='bbox 1339 1864 1573 1897; x_wconf 73' lang='lat' dir='ltr'><strong>adhortantis</strong></span> 
     </span>
     <span class='ocr_line' id='line_1_29' title="bbox 167 1899 1568 1961; baseline 0.002 -23"><span class='ocrx_word' id='word_1_201' title='bbox 167 1916 230 1943; x_wconf 84' lang='grc' dir='ltr'><strong><em>τος</em></strong></span> <span class='ocrx_word' id='word_1_202' title='bbox 245 1901 384 1948; x_wconf 81' lang='grc' dir='ltr'><strong><em>ἠμῖν-</em></strong></span> <span class='ocrx_word' id='word_1_203' title='bbox 393 1905 459 1939; x_wconf 75' lang='grc' dir='ltr'><strong><em>καὶ</em></strong></span> <span class='ocrx_word' id='word_1_204' title='bbox 478 1903 832 1961; x_wconf 73' lang='grc' dir='ltr'><strong><em>χαριεντισμόντινα</em></strong></span> <span class='ocrx_word' id='word_1_205' title='bbox 902 1906 1217 1949; x_wconf 81' lang='lat' dir='ltr'><strong><em>(cf.1430)‚cum</em></strong></span> <span class='ocrx_word' id='word_1_206' title='bbox 1234 1899 1262 1941; x_wconf 73' lang='grc' dir='ltr'><strong><em>ὦ</em></strong></span> <span class='ocrx_word' id='word_1_207' title='bbox 1286 1913 1342 1941; x_wconf 81' lang='lat' dir='ltr'><strong>eat</strong></span> <span class='ocrx_word' id='word_1_208' title='bbox 1365 1908 1499 1942; x_wconf 82' lang='lat' dir='ltr'><strong>blande</strong></span> <span class='ocrx_word' id='word_1_209' title='bbox 1515 1908 1568 1941; x_wconf 83' lang='lat' dir='ltr'><strong><em>al-</em></strong></span> 
     </span>
     <span class='ocr_line' id='line_1_30' title="bbox 167 1947 1570 2004; baseline 0.002 -22"><span class='ocrx_word' id='word_1_210' title='bbox 167 1947 418 1983; x_wconf 73' lang='grc' dir='ltr'><strong><em>ἀποκαλῶν-</em></strong></span> <span class='ocrx_word' id='word_1_211' title='bbox 427 1947 833 1995; x_wconf 74' lang='grc' dir='ltr'><strong><em>σπουδάσαιὴμᾶςδιε-</em></strong></span> <span class='ocrx_word' id='word_1_212' title='bbox 902 1952 1096 2004; x_wconf 80' lang='lat' dir='ltr'><strong>loquentis.</strong></span> <span class='ocrx_word' id='word_1_213' title='bbox 1111 1953 1241 2004; x_wconf 83' lang='lat' dir='ltr'><strong>Quare</strong></span> <span class='ocrx_word' id='word_1_214' title='bbox 1254 1952 1441 1986; x_wconf 61' lang='lat' dir='ltr'><strong>Socratem</strong></span> <span class='ocrx_word' id='word_1_215' title='bbox 1456 1949 1570 1986; x_wconf 70' lang='grc' dir='ltr'><strong><em>Πάνυ</em></strong></span> 
     </span>
     <span class='ocr_line' id='line_1_31' title="bbox 167 1988 1567 2040; baseline 0.001 -13"><span class='ocrx_word' id='word_1_216' title='bbox 167 1990 381 2028; x_wconf 80' lang='grc' dir='ltr'><strong><em>κελεύσατο.</em></strong></span> <span class='ocrx_word' id='word_1_217' title='bbox 454 1996 689 2038; x_wconf 85' lang='lat' dir='ltr'><strong>Bernhardy,</strong></span> <span class='ocrx_word' id='word_1_218' title='bbox 730 1997 836 2039; x_wconf 90' lang='lat' dir='ltr'><strong>Synt.</strong></span> <span class='ocrx_word' id='word_1_219' title='bbox 902 1993 971 2039; x_wconf 73' lang='grc' dir='ltr'><strong><em>μὲν</em></strong></span> <span class='ocrx_word' id='word_1_220' title='bbox 987 1988 1074 2039; x_wconf 76' lang='grc' dir='ltr'><strong><em>οὖν,</em></strong></span> <span class='ocrx_word' id='word_1_221' title='bbox 1099 2008 1127 2030; x_wconf 85' lang='grc' dir='ltr'><strong><em>ω</em></strong></span> <span class='ocrx_word' id='word_1_222' title='bbox 1144 1996 1326 2040; x_wconf 75' lang='grc' dir='ltr'><strong><em>Θεαίτητε</em></strong></span> <span class='ocrx_word' id='word_1_223' title='bbox 1341 1997 1420 2030; x_wconf 75' lang='grc' dir='ltr'><strong><em>κτλ.</em></strong></span> <span class='ocrx_word' id='word_1_224' title='bbox 1451 1997 1567 2029; x_wconf 84' lang='lat' dir='ltr'><strong>Kme—</strong></span> 
     </span>
     <span class='ocr_line' id='line_1_32' title="bbox 168 2040 1266 2091; baseline 0.002 -20"><span class='ocrx_word' id='word_1_225' title='bbox 168 2049 202 2080; x_wconf 91' lang='lat' dir='ltr'><strong><em>p.</em></strong></span> <span class='ocrx_word' id='word_1_226' title='bbox 223 2040 300 2089; x_wconf 83' lang='grc'><strong><em>473.</em></strong></span> <span class='ocrx_word' id='word_1_227' title='bbox 903 2051 978 2083; x_wconf 79' lang='lat' dir='ltr'><strong>ger.</strong></span> <span class='ocrx_word' id='word_1_228' title='bbox 1010 2041 1163 2091; x_wconf 64' lang='lat'><strong><em>§316‚3,</em></strong></span> <span class='ocrx_word' id='word_1_229' title='bbox 1183 2043 1213 2076; x_wconf 89' lang='lat'><strong>1.</strong></span> <span class='ocrx_word' id='word_1_230' title='bbox 1233 2043 1266 2073; x_wconf 84' lang='lat'><strong>2.</strong></span> 
     </span>
    </p>

    <p class='ocr_par' dir='ltr' id='par_1_12' title="bbox 167 2066 1571 2348">
     <span class='ocr_line' id='line_1_33' title="bbox 211 2066 1565 2136; baseline 0.001 -21"><span class='ocrx_word' id='word_1_231' title='bbox 211 2085 230 2116; x_wconf 80' lang='lat'>7</span> <span class='ocrx_word' id='word_1_232' title='bbox 246 2078 310 2116; x_wconf 85' lang='grc' dir='ltr'><strong><em>τὸν</em></strong></span> <span class='ocrx_word' id='word_1_233' title='bbox 323 2078 457 2127; x_wconf 76' lang='grc' dir='ltr'><strong><em>ἄνδρα.</em></strong></span> <span class='ocrx_word' id='word_1_234' title='bbox 479 2084 713 2126; x_wconf 76' lang='lat' dir='ltr'><strong>Theaetetus,</strong></span> <span class='ocrx_word' id='word_1_235' title='bbox 726 2095 834 2135; x_wconf 89' lang='lat' dir='ltr'><strong>quem</strong></span> <span class='ocrx_word' id='word_1_236' title='bbox 949 2087 989 2118; x_wconf 82' lang='lat'><strong>13</strong></span> <span class='ocrx_word' id='word_1_237' title='bbox 1005 2084 1083 2118; x_wconf 81' lang='grc' dir='ltr'><strong><em>νῶν</em></strong></span> <span class='ocrx_word' id='word_1_238' title='bbox 1105 2102 1149 2108; x_wconf 92' lang='lat'><strong><em>-—</em></strong></span> <span class='ocrx_word' id='word_1_239' title='bbox 1154 2066 1360 2136; x_wconf 73' lang='grc' dir='ltr'><strong><em>εκατέρου.</em></strong></span> <span class='ocrx_word' id='word_1_240' title='bbox 1396 2084 1565 2118; x_wconf 77' lang='lat' dir='ltr'><strong>P.1501)</strong></span> 
     </span>
     <span class='ocr_line' id='line_1_34' title="bbox 168 2118 1571 2172; baseline 0.002 -14.013"><span class='ocrx_word' id='word_1_241' title='bbox 168 2126 378 2160; x_wconf 81' lang='lat' dir='ltr'><strong>rheodorus</strong></span> <span class='ocrx_word' id='word_1_242' title='bbox 415 2139 449 2171; x_wconf 89' lang='lat' dir='ltr'><strong><em>p.</em></strong></span> <span class='ocrx_word' id='word_1_243' title='bbox 485 2129 585 2162; x_wconf 72' lang='lat' dir='ltr'><strong>143ss</strong></span> <span class='ocrx_word' id='word_1_244' title='bbox 622 2124 833 2171; x_wconf 77' lang='grc' dir='ltr'><strong><em>μειράκιον,</em></strong></span> <span class='ocrx_word' id='word_1_245' title='bbox 903 2125 943 2162; x_wconf 78' lang='grc' dir='ltr'><strong><em>οῖ</em></strong></span> <span class='ocrx_word' id='word_1_246' title='bbox 959 2122 995 2161; x_wconf 82' lang='grc' dir='ltr'><strong><em>δ’</em></strong></span> <span class='ocrx_word' id='word_1_247' title='bbox 1021 2118 1105 2172; x_wconf 65' lang='grc' dir='ltr'><strong><em>ἐμοὶ</em></strong></span> <span class='ocrx_word' id='word_1_248' title='bbox 1126 2124 1411 2172; x_wconf 74' lang='grc' dir='ltr'><strong><em>ξυγγιγνόμενοι</em></strong></span> <span class='ocrx_word' id='word_1_249' title='bbox 1433 2125 1475 2161; x_wconf 86' lang='grc' dir='ltr'><strong><em>τὸ</em></strong></span> <span class='ocrx_word' id='word_1_250' title='bbox 1497 2124 1571 2171; x_wconf 75' lang='grc' dir='ltr'><strong><em>μὲν</em></strong></span> 
     </span>
     <span class='ocr_line' id='line_1_35' title="bbox 167 2169 1570 2225; baseline 0.002 -22"><span class='ocrx_word' id='word_1_251' title='bbox 167 2171 390 2214; x_wconf 79' lang='lat' dir='ltr'><strong>Protagoras</strong></span> <span class='ocrx_word' id='word_1_252' title='bbox 407 2183 440 2214; x_wconf 92' lang='lat' dir='ltr'><strong><em>p.</em></strong></span> <span class='ocrx_word' id='word_1_253' title='bbox 459 2173 559 2204; x_wconf 78' lang='lat' dir='ltr'><strong>166A</strong></span> <span class='ocrx_word' id='word_1_254' title='bbox 577 2173 636 2213; x_wconf 83' lang='lat' dir='ltr'><strong>(cf.</strong></span> <span class='ocrx_word' id='word_1_255' title='bbox 660 2184 695 2215; x_wconf 89' lang='lat' dir='ltr'><strong>p.</strong></span> <span class='ocrx_word' id='word_1_256' title='bbox 716 2173 833 2215; x_wconf 86' lang='grc'>1681))</span> <span class='ocrx_word' id='word_1_257' title='bbox 901 2172 1049 2224; x_wconf 76' lang='grc' dir='ltr'><strong><em>πρῶτον</em></strong></span> <span class='ocrx_word' id='word_1_258' title='bbox 1076 2172 1281 2225; x_wconf 78' lang='grc' dir='ltr'><strong><em>φαίνονται</em></strong></span> <span class='ocrx_word' id='word_1_259' title='bbox 1311 2169 1405 2206; x_wconf 71' lang='grc' dir='ltr'><strong><em>ἔνιοι</em></strong></span> <span class='ocrx_word' id='word_1_260' title='bbox 1433 2183 1503 2214; x_wconf 78' lang='grc' dir='ltr'><strong><em>μεν</em></strong></span> <span class='ocrx_word' id='word_1_261' title='bbox 1523 2189 1570 2196; x_wconf 90' lang='grc'><strong>-</strong></span> 
     </span>
     <span class='ocr_line' id='line_1_36' title="bbox 167 2213 1567 2259; baseline 0.001 -12"><span class='ocrx_word' id='word_1_262' title='bbox 167 2217 374 2248; x_wconf 84' lang='lat' dir='ltr'><strong>contemtim</strong></span> <span class='ocrx_word' id='word_1_263' title='bbox 396 2215 487 2248; x_wconf 84' lang='lat' dir='ltr'><strong><em>dicit</em></strong></span> <span class='ocrx_word' id='word_1_264' title='bbox 513 2216 691 2259; x_wconf 72' lang='grc' dir='ltr'><strong><em>παιδίον,</em></strong></span> <span class='ocrx_word' id='word_1_265' title='bbox 721 2227 743 2249; x_wconf 79' lang='lat' dir='ltr'><strong>a</strong></span> <span class='ocrx_word' id='word_1_266' title='bbox 772 2217 834 2250; x_wconf 88' lang='lat' dir='ltr'><strong><em>So-</em></strong></span> <span class='ocrx_word' id='word_1_267' title='bbox 901 2213 1040 2256; x_wconf 74' lang='grc' dir='ltr'><strong><em>πάντες</em></strong></span> <span class='ocrx_word' id='word_1_268' title='bbox 1062 2213 1107 2250; x_wconf 83' lang='grc' dir='ltr'><strong><em>δέ</em></strong></span> <span class='ocrx_word' id='word_1_269' title='bbox 1130 2217 1208 2250; x_wconf 84' lang='grc' dir='ltr'><strong><em>κτλ.</em></strong></span> <span class='ocrx_word' id='word_1_270' title='bbox 1247 2217 1288 2250; x_wconf 92' lang='grc' dir='ltr'><strong><em>Ρ.</em></strong></span> <span class='ocrx_word' id='word_1_271' title='bbox 1313 2217 1418 2250; x_wconf 76' lang='lat' dir='ltr'><strong>151A</strong></span> <span class='ocrx_word' id='word_1_272' title='bbox 1446 2214 1503 2255; x_wconf 79' lang='grc' dir='ltr'><strong><em>οἷς</em></strong></span> <span class='ocrx_word' id='word_1_273' title='bbox 1524 2234 1567 2240; x_wconf 90' lang='lat'><strong><em>--</em></strong></span> 
     </span>
     <span class='ocr_line' id='line_1_37' title="bbox 168 2228 1568 2311; baseline 0.001 -20"><span class='ocrx_word' id='word_1_274' title='bbox 168 2262 267 2292; x_wconf 82' lang='lat' dir='ltr'><strong>crate</strong></span> <span class='ocrx_word' id='word_1_275' title='bbox 293 2270 373 2293; x_wconf 88' lang='lat' dir='ltr'><strong><em>eum</em></strong></span> <span class='ocrx_word' id='word_1_276' title='bbox 397 2260 599 2294; x_wconf 75' lang='lat' dir='ltr'><strong>admirante</strong></span> <span class='ocrx_word' id='word_1_277' title='bbox 627 2261 834 2303; x_wconf 82' lang='lat' dir='ltr'><strong>appellatur</strong></span> <span class='ocrx_word' id='word_1_278' title='bbox 902 2256 1020 2300; x_wconf 74' lang='grc' dir='ltr'><strong><em>ἐνίοις</em></strong></span> <span class='ocrx_word' id='word_1_279' title='bbox 1022 2228 1108 2311; x_wconf 59' lang='grc' dir='ltr'><strong><em>ςμὲν</em></strong></span> <span class='ocrx_word' id='word_1_280' title='bbox 1123 2255 1299 2299; x_wconf 74' lang='grc' dir='ltr'><strong><em>-ἐνίοις</em></strong></span> <span class='ocrx_word' id='word_1_281' title='bbox 1316 2259 1371 2294; x_wconf 84' lang='grc' dir='ltr'><strong><em>δέ.</em></strong></span> <span class='ocrx_word' id='word_1_282' title='bbox 1405 2262 1445 2294; x_wconf 90' lang='grc' dir='ltr'><strong><em>Ρ.</em></strong></span> <span class='ocrx_word' id='word_1_283' title='bbox 1466 2261 1568 2294; x_wconf 78' lang='grc'><strong><em>1623</em></strong></span> 
     </span>
     <span class='ocr_line' id='line_1_38' title="bbox 168 2297 1567 2357; baseline 0.001 -21"><span class='ocrx_word' id='word_1_284' title='bbox 168 2297 277 2346; x_wconf 75' lang='grc' dir='ltr'><strong><em>ἀνήρ.</em></strong></span> <span class='ocrx_word' id='word_1_285' title='bbox 902 2302 995 2357; x_wconf 75' lang='grc' dir='ltr'><strong><em>πρὸς</em></strong></span> <span class='ocrx_word' id='word_1_286' title='bbox 1018 2300 1085 2343; x_wconf 78' lang='grc' dir='ltr'><strong><em>τὰς</em></strong></span> <span class='ocrx_word' id='word_1_287' title='bbox 1112 2305 1343 2355; x_wconf 79' lang='grc' dir='ltr'><strong><em>παλαίστρας</em></strong></span> <span class='ocrx_word' id='word_1_288' title='bbox 1370 2299 1496 2357; x_wconf 70' lang='grc' dir='ltr'><strong><em>ἀξιοῖς</em></strong></span> <span class='ocrx_word' id='word_1_289' title='bbox 1517 2315 1567 2337; x_wconf 75' lang='grc' dir='ltr'><strong><em>αν</em></strong></span> 
     </span>
    </p>

    <p class='ocr_par' dir='ltr' id='par_1_13' title="bbox 168 2343 1570 2436">
     <span class='ocr_line' id='line_1_39' title="bbox 211 2343 1570 2399; baseline 0.002 -19"><span class='ocrx_word' id='word_1_290' title='bbox 211 2347 595 2389; x_wconf 74' lang='grc' dir='ltr'><strong><em>8παρακαθίζεσθαι.</em></strong></span> <span class='ocrx_word' id='word_1_291' title='bbox 627 2348 669 2381; x_wconf 86' lang='lat' dir='ltr'><strong><em>In</em></strong></span> <span class='ocrx_word' id='word_1_292' title='bbox 686 2359 834 2392; x_wconf 81' lang='lat' dir='ltr'><strong>gymna·</strong></span> <span class='ocrx_word' id='word_1_293' title='bbox 901 2343 1040 2399; x_wconf 76' lang='grc' dir='ltr'><strong><em>ἄλλους</em></strong></span> <span class='ocrx_word' id='word_1_294' title='bbox 1048 2344 1428 2393; x_wconf 68' lang='grc' dir='ltr'><strong><em>θεώμενοςγυμνους,</em></strong></span> <span class='ocrx_word' id='word_1_295' title='bbox 1441 2344 1503 2383; x_wconf 72' lang='grc' dir='ltr'><strong><em>ἐνί</em></strong></span> <span class='ocrx_word' id='word_1_296' title='bbox 1484 2348 1570 2387; x_wconf 70' lang='lat' dir='ltr'><strong>love</strong></span> 
     </span>
     <span class='ocr_line' id='line_1_40' title="bbox 168 2387 1087 2436; baseline 0.004 -12"><span class='ocrx_word' id='word_1_297' title='bbox 168 2392 233 2425; x_wconf 78' lang='lat' dir='ltr'><strong><em>aiis</em></strong></span> <span class='ocrx_word' id='word_1_298' title='bbox 249 2393 354 2425; x_wconf 79' lang='lat' dir='ltr'><strong>sedes</strong></span> <span class='ocrx_word' id='word_1_299' title='bbox 372 2397 496 2434; x_wconf 81' lang='lat' dir='ltr'><strong>erant,</strong></span> <span class='ocrx_word' id='word_1_300' title='bbox 516 2394 552 2425; x_wconf 92' lang='lat' dir='ltr'><strong><em>in</em></strong></span> <span class='ocrx_word' id='word_1_301' title='bbox 571 2393 700 2435; x_wconf 76' lang='lat' dir='ltr'><strong>quibus</strong></span> <span class='ocrx_word' id='word_1_302' title='bbox 715 2394 831 2436; x_wconf 89' lang='lat' dir='ltr'><strong><em>philo·</em></strong></span> <span class='ocrx_word' id='word_1_303' title='bbox 902 2387 1087 2436; x_wconf 77' lang='grc' dir='ltr'><strong><em>φαύλους.</em></strong></span> 
     </span>
    </p>
   </div>
   <div class='ocr_carea' id='block_1_6' title="bbox 166 2430 1567 2622">
    <p class='ocr_par' dir='ltr' id='par_1_14' title="bbox 166 2430 1567 2614">
     <span class='ocr_line' id='line_1_41' title="bbox 167 2430 1566 2516; baseline 0.001 -47"><span class='ocrx_word' id='word_1_304' title='bbox 167 2436 271 2479; x_wconf 82' lang='lat' dir='ltr'><strong>sophi</strong></span> <span class='ocrx_word' id='word_1_305' title='bbox 308 2436 474 2470; x_wconf 78' lang='lat' dir='ltr'><strong><em>rhetores</em></strong></span> <span class='ocrx_word' id='word_1_306' title='bbox 513 2437 733 2480; x_wconf 79' lang='lat' dir='ltr'><strong>reliquique,</strong></span> <span class='ocrx_word' id='word_1_307' title='bbox 775 2439 834 2480; x_wconf 89' lang='lat' dir='ltr'><strong><em>qui</em></strong></span> <span class='ocrx_word' id='word_1_308' title='bbox 912 2440 989 2516; x_wconf 47' lang='lat'><strong><em>„⁹15</em></strong></span> <span class='ocrx_word' id='word_1_309' title='bbox 1019 2439 1075 2471; x_wconf 89' lang='lat' dir='ltr'><strong><em>De</em></strong></span> <span class='ocrx_word' id='word_1_310' title='bbox 1109 2438 1244 2472; x_wconf 83' lang='lat' dir='ltr'><strong>aoristo</strong></span> <span class='ocrx_word' id='word_1_311' title='bbox 1279 2430 1566 2480; x_wconf 47' lang='lat' dir='ltr'><strong><em>latumias&amp;</em></strong></span> 
     </span>
     <span class='ocr_line' id='line_1_42' title="bbox 166 2480 1564 2530; baseline 0.001 -17"><span class='ocrx_word' id='word_1_312' title='bbox 166 2480 299 2530; x_wconf 75' lang='lat' dir='ltr'><strong><em>studiis</em></strong></span> <span class='ocrx_word' id='word_1_313' title='bbox 331 2481 630 2522; x_wconf 78' lang='lat' dir='ltr'><strong>delectabantur,</strong></span> <span class='ocrx_word' id='word_1_314' title='bbox 663 2482 834 2515; x_wconf 76' lang='lat' dir='ltr'><strong>sedentes</strong></span> <span class='ocrx_word' id='word_1_315' title='bbox 992 2486 1049 2516; x_wconf 75' lang='lat' dir='ltr'><strong>oet</strong></span> <span class='ocrx_word' id='word_1_316' title='bbox 1070 2482 1321 2525; x_wconf 82' lang='lat' dir='ltr'><strong>imperfectum</strong></span> <span class='ocrx_word' id='word_1_317' title='bbox 1342 2486 1564 2524; x_wconf 76' lang='lat' dir='ltr'><strong><em>usurpatov.</em></strong></span> 
     </span>
     <span class='ocr_line' id='line_1_43' title="bbox 167 2525 1567 2622; baseline 0.001 -65"><span class='ocrx_word' id='word_1_318' title='bbox 167 2525 457 2605; x_wconf 46' lang='lat' dir='ltr'><strong><em>{igffitgbgssg&#39;ss</em></strong></span> <span class='ocrx_word' id='word_1_319' title='bbox 464 2526 520 2558; x_wconf 85' lang='lat' dir='ltr'><strong>Cf.</strong></span> <span class='ocrx_word' id='word_1_320' title='bbox 555 2525 698 2561; x_wconf 88' lang='lat' dir='ltr'><strong>Charm.</strong></span> <span class='ocrx_word' id='word_1_321' title='bbox 734 2526 833 2560; x_wconf 81' lang='lat'><strong>1550</strong></span> <span class='ocrx_word' id='word_1_322' title='bbox 902 2493 1263 2622; x_wconf 46' lang='grc' dir='ltr'><strong><em>Ξὲζὲὴὲιὲῗιέιιέιαιξ</em></strong></span> <span class='ocrx_word' id='word_1_323' title='bbox 1275 2527 1416 2559; x_wconf 83' lang='lat' dir='ltr'><strong>Menon.</strong></span> <span class='ocrx_word' id='word_1_324' title='bbox 1437 2536 1469 2568; x_wconf 89' lang='lat' dir='ltr'><strong><em>p.</em></strong></span> <span class='ocrx_word' id='word_1_325' title='bbox 1487 2526 1567 2558; x_wconf 77' lang='lat'><strong><em>7213</em></strong></span> 
     </span>
    </p>
   </div>
   <div class='ocr_carea' id='block_1_7' title="bbox 169 2612 1569 2790">
    <p class='ocr_par' dir='ltr' id='par_1_15' title="bbox 169 2612 1569 2790">
     <span class='ocr_line' id='line_1_44' title="bbox 213 2612 1567 2657; baseline -0.001 -9"><span class='ocrx_word' id='word_1_326' title='bbox 213 2615 234 2647; x_wconf 83' lang='lat'>9</span> <span class='ocrx_word' id='word_1_327' title='bbox 280 2623 365 2648; x_wconf 79' lang='grc' dir='ltr'><strong><em>σται</em></strong></span> <span class='ocrx_word' id='word_1_328' title='bbox 399 2612 517 2648; x_wconf 78' lang='grc' dir='ltr'><strong><em>ταῦτα</em></strong></span> <span class='ocrx_word' id='word_1_329' title='bbox 554 2614 672 2648; x_wconf 84' lang='lat' dir='ltr'><strong>locum</strong></span> <span class='ocrx_word' id='word_1_330' title='bbox 710 2615 833 2656; x_wconf 88' lang='lat' dir='ltr'><strong>habet,</strong></span> <span class='ocrx_word' id='word_1_331' title='bbox 949 2616 989 2649; x_wconf 88' lang='lat'><strong><em>18</em></strong></span> <span class='ocrx_word' id='word_1_332' title='bbox 1011 2624 1176 2657; x_wconf 83' lang='grc' dir='ltr'><strong><em>αμουσος</em></strong></span> <span class='ocrx_word' id='word_1_333' title='bbox 1198 2614 1279 2651; x_wconf 86' lang='lat' dir='ltr'><strong>h.1.</strong></span> <span class='ocrx_word' id='word_1_334' title='bbox 1298 2618 1354 2647; x_wconf 81' lang='lat' dir='ltr'><strong><em>est</em></strong></span> <span class='ocrx_word' id='word_1_335' title='bbox 1374 2615 1567 2647; x_wconf 83' lang='lat' dir='ltr'><strong>musicae</strong></span> 
     </span>
     <span class='ocr_line' id='line_1_45' title="bbox 169 2658 1569 2710; baseline 0 -20"><span class='ocrx_word' id='word_1_336' title='bbox 169 2659 231 2691; x_wconf 85' lang='lat' dir='ltr'><strong><em>ubi</em></strong></span> <span class='ocrx_word' id='word_1_337' title='bbox 248 2659 356 2692; x_wconf 83' lang='lat' dir='ltr'><strong><em>alicui</em></strong></span> <span class='ocrx_word' id='word_1_338' title='bbox 372 2659 517 2710; x_wconf 74' lang='lat' dir='ltr'><strong>roganti</strong></span> <span class='ocrx_word' id='word_1_339' title='bbox 533 2658 669 2701; x_wconf 84' lang='lat' dir='ltr'><strong><em>aliquid</em></strong></span> <span class='ocrx_word' id='word_1_340' title='bbox 687 2661 835 2701; x_wconf 82' lang='lat' dir='ltr'><strong>promit·</strong></span> <span class='ocrx_word' id='word_1_341' title='bbox 902 2659 1142 2702; x_wconf 74' lang='lat' dir='ltr'><strong>imperitus</strong></span> <span class='ocrx_word' id='word_1_342' title='bbox 1155 2683 1164 2697; x_wconf 88' lang='lat'>,</span> <span class='ocrx_word' id='word_1_343' title='bbox 1200 2669 1234 2702; x_wconf 90' lang='lat' dir='ltr'><strong><em>p.</em></strong></span> <span class='ocrx_word' id='word_1_344' title='bbox 1267 2660 1329 2692; x_wconf 76' lang='lat'><strong><em>156</em></strong></span> <span class='ocrx_word' id='word_1_345' title='bbox 1342 2659 1373 2690; x_wconf 76' lang='lat' dir='ltr'>A</span> <span class='ocrx_word' id='word_1_346' title='bbox 1400 2659 1519 2691; x_wconf 80' lang='lat' dir='ltr'><strong>artiu</strong></span> <span class='ocrx_word' id='word_1_347' title='bbox 1533 2669 1569 2690; x_wconf 91' lang='lat' dir='ltr'>m</span> 
     </span>
     <span class='ocr_line' id='line_1_46' title="bbox 170 2700 1566 2756; baseline 0.001 -22"><span class='ocrx_word' id='word_1_348' title='bbox 170 2704 269 2743; x_wconf 82' lang='lat' dir='ltr'><strong>titur,</strong></span> <span class='ocrx_word' id='word_1_349' title='bbox 285 2700 363 2737; x_wconf 81' lang='grc' dir='ltr'><strong><em>ἔστι</em></strong></span> <span class='ocrx_word' id='word_1_350' title='bbox 375 2701 510 2743; x_wconf 78' lang='grc' dir='ltr'><strong><em>ταῦτα,</em></strong></span> <span class='ocrx_word' id='word_1_351' title='bbox 524 2703 585 2736; x_wconf 83' lang='lat' dir='ltr'><strong><em>ubi</em></strong></span> <span class='ocrx_word' id='word_1_352' title='bbox 599 2702 736 2756; x_wconf 78' lang='lat' dir='ltr'><strong><em>aliquid</em></strong></span> <span class='ocrx_word' id='word_1_353' title='bbox 750 2704 834 2736; x_wconf 74' lang='lat' dir='ltr'><strong>eim·</strong></span> <span class='ocrx_word' id='word_1_354' title='bbox 903 2703 1180 2743; x_wconf 87' lang='lat' dir='ltr'><strong>liberalium,</strong></span> <span class='ocrx_word' id='word_1_355' title='bbox 1214 2703 1387 2746; x_wconf 80' lang='lat' dir='ltr'><strong>imprimis</strong></span> <span class='ocrx_word' id='word_1_356' title='bbox 1414 2702 1566 2745; x_wconf 83' lang='lat' dir='ltr'><strong><em>philo·</em></strong></span> 
     </span>
     <span class='ocr_line' id='line_1_47' title="bbox 170 2743 1278 2790; baseline 0 -11"><span class='ocrx_word' id='word_1_357' title='bbox 170 2747 316 2790; x_wconf 85' lang='lat' dir='ltr'><strong>pliciter</strong></span> <span class='ocrx_word' id='word_1_358' title='bbox 347 2747 564 2788; x_wconf 83' lang='lat' dir='ltr'><strong>affirmatur,</strong></span> <span class='ocrx_word' id='word_1_359' title='bbox 599 2744 707 2787; x_wconf 79' lang='grc' dir='ltr'><strong><em>ἔστω,</em></strong></span> <span class='ocrx_word' id='word_1_360' title='bbox 743 2743 834 2781; x_wconf 77' lang='grc' dir='ltr'><strong><em>ἔστω</em></strong></span> <span class='ocrx_word' id='word_1_361' title='bbox 904 2747 1091 2790; x_wconf 81' lang='lat' dir='ltr'><strong>sophiae</strong></span> <span class='ocrx_word' id='word_1_362' title='bbox 1109 2756 1278 2789; x_wconf 74' lang='lat' dir='ltr'><strong>expers.</strong></span> 
     </span>
    </p>
   </div>
  </div>
 </body>
</html>
