1716 2970
707 90 1089 127 PRoLEGoMENA.
1568 87 1620 130 13

191 210 387 262 imperitis
407 206 528 255 multo
549 207 696 247 rectius
715 205 904 247 iudicare.
956 204 1070 253 Quod
1093 205 1211 244 etiam
1238 205 1360 257 ipsius
1381 204 1621 255 Protagorae

193 265 374 319 exemplo
395 265 626 305 affirmatur.
675 262 713 302 Is
742 263 844 302 enim
877 274 964 302 sese
992 261 1040 301 de
1062 262 1285 301 orationum
1315 261 1459 300 effectu
1480 259 1622 300 melius

193 325 337 364 ceteris
357 320 538 362 omnibus
566 320 739 359 iudicare
767 331 884 371 posse
912 318 1184 371 profitebatur.
1228 317 1341 364 Quod
1363 318 1437 357 nisi
1458 328 1622 368 persua-

192 381 308 420 sisset
327 376 540 430 discipulis,
562 377 599 416 ei
620 388 701 415 non
723 388 906 427 magnam
926 376 1134 427 pecuniam
1152 373 1372 414 solvissent.
1404 374 1514 422 Quae
1532 385 1621 413 cum

193 438 246 476 ita
267 436 361 484 sint,
384 434 626 485 Protagorae
644 433 720 485 ipsi
741 431 1038 473 concedendum
1060 432 1136 471 erit
1157 443 1236 470 non
1257 430 1385 470 solum
1402 429 1524 470 alium
1546 429 1621 469 alio

193 504 280 533 esse
301 491 600 543 sapientiorem,
627 489 697 529 sed
719 490 838 529 etiam
859 489 1077 541 sapientem
1099 500 1222 528 unum
1244 499 1380 527 rerum
1401 499 1487 527 esse
1509 498 1620 526 men-

193 561 325 589 suram
338 547 379 598 ¹).

307 604 384 644 Sed
405 602 617 643 videndum
640 615 727 642 esse
748 603 933 642 Socrates
953 601 1066 648 dicit,
1095 614 1191 641 num
1221 605 1452 655 praesentes
1481 600 1623 652 cuique

192 661 441 705 affectiones,
464 671 623 705 sensuS,
647 660 855 711 opiniones
877 671 992 698 verae
1014 659 1092 697 sint
1102 656 1145 710 2).
1186 658 1293 698 Haec
1313 669 1406 697 vero
1429 657 1623 697 sententia

192 730 283 758 cum
305 729 353 756 ex
373 716 688 757 Heracliteorum
709 717 931 768 praeceptis
951 715 1121 759 fluxerit,
1146 714 1194 754 ab
1215 715 1263 754 iis
1285 713 1516 754 ordiendam
1538 725 1624 754 esse

193 774 516 826 disputationem.
567 772 679 819 Quod
708 772 942 811 Theodorus
969 783 1207 823 quamquam
1237 772 1451 817 concessit,
1490 777 1624 810 tamen

194 843 284 871 cum
305 829 535 870 Heracliteis
561 829 656 881 ipsis
685 840 924 881 quemquam
955 827 1126 879 colloqui
1152 840 1270 880 posse
1298 832 1427 879 negat.
1479 826 1625 867 Deesse

195 888 299 927 enim
327 887 373 926 iis
401 897 560 926 omnem
588 884 910 936 tranquillitatem
940 890 979 924 et
1007 885 1267 924 constantiam
1296 886 1336 923 in
1373 883 1623 936 disputando,

195 943 336 983 deinde
374 944 431 982 uti
467 954 535 982 eos
570 953 755 981 sermone
785 941 997 981 admodum
1027 940 1198 981 obscuro
1235 946 1274 980 et
1307 940 1506 986 inaudito,
1545 952 1624 993 quo

194 1000 318 1051 magis
357 999 601 1039 audientium
638 999 789 1038 animos
823 999 1063 1050 percutiant,
1107 1010 1222 1050 quam
1259 1010 1397 1038 verum
1432 997 1623 1050 aperiant,

194 1055 336 1096 deinde
357 1055 454 1095 nihil
475 1067 649 1107 unquam
671 1056 719 1095 ab
741 1056 789 1095 iis
810 1053 978 1100 absolvi,
1004 1067 1093 1094 cum
1115 1054 1213 1094 nihil
1235 1055 1397 1094 omnino
1418 1066 1492 1106 pro
1514 1060 1624 1093 certo

196 1112 338 1153 dicant.
372 1113 605 1164 Suspicante
627 1116 756 1151 autem
779 1112 940 1151 Socrate
962 1123 1029 1150 eos
1050 1111 1218 1151 fortasse
1234 1110 1436 1162 discipulis
1456 1122 1498 1151 se
1515 1116 1624 1163 pate·

194 1168 337 1214 facere,
360 1168 591 1209 Theodorus
613 1167 740 1208 nullos
761 1168 864 1220 apud
888 1180 955 1208 eos
977 1179 1062 1208 esse
1085 1167 1300 1220 discipulos
1322 1168 1426 1213 dicit,
1446 1166 1515 1208 sed
1536 1166 1624 1207 illos

195 1230 335 1277 sponte
357 1237 558 1270 crescere,
582 1237 704 1276 quare
726 1225 831 1271 fieri,
864 1230 906 1264 ut
927 1224 1027 1264 alter
1048 1223 1216 1264 alterum
1249 1224 1347 1264 nihil
1368 1225 1470 1264 scire
1492 1225 1625 1264 existi-

195 1287 287 1320 met.
319 1281 455 1333 Itaque
478 1293 577 1333 quae
597 1280 655 1320 illi
677 1280 808 1321 dicant
839 1282 949 1332 quasi
969 1281 1175 1333 problema
1196 1281 1396 1333 quoddam
1419 1293 1505 1321 esse
1528 1293 1624 1321 con-

195 1337 416 1378 sideranda.
473 1338 554 1377 lam
596 1338 777 1378 Socrates
811 1337 1123 1378 Heracliteorum
1164 1337 1270 1377 illam
1312 1338 1534 1378 doctrinam
1575 1337 1623 1377 ab

194 1394 362 1445 antiquis
383 1396 544 1446 repetit,
569 1395 634 1445 qui
655 1394 813 1446 quidem
834 1396 989 1446 poetica
1017 1395 1197 1434 oratione
1220 1407 1305 1434 eam
1327 1394 1623 1439 occultaverint,

194 1462 215 1490 a
236 1450 524 1490 recentioribus
545 1463 638 1490 vero
660 1462 746 1490 eam
770 1463 855 1490 esse
878 1450 1125 1501 divulgatam,
1148 1452 1200 1490 ita
1225 1457 1266 1490 ut
1281 1450 1339 1490 vel
1364 1456 1519 1491 sutores
1536 1463 1623 1490 eam

193 1519 337 1559 capere
351 1506 512 1557 possint.
535 1507 688 1546 Horum
703 1519 795 1546 vero
809 1508 1005 1547 contraria
1022 1508 1254 1560 praecipere
1265 1507 1462 1547 Melissum
1481 1508 1623 1548 etPar-

193 1562 389 1602 menidem
405 1575 622 1616 eorumque
641 1563 868 1615 discipulos.
903 1564 1012 1611 Quae
1029 1577 1118 1604 cum
1139 1565 1192 1604 ita
1214 1565 1304 1610 sint,
1327 1571 1532 1617 praestare
1551 1565 1623 1604 So-

193 1620 293 1659 crati
329 1620 483 1659 videtur
517 1622 689 1672 primum
719 1632 856 1660 eorum
887 1621 1113 1660 examinare
1142 1623 1358 1668 rationem,
1396 1622 1464 1673 qui
1492 1622 1624 1661 omnia

193 1677 344 1715 moveri
365 1683 557 1722 statuant;
589 1689 690 1728 quae
718 1677 749 1716 si
778 1678 908 1718 minus
938 1677 1108 1729 placeat,
1138 1677 1187 1717 ad
1217 1690 1286 1718 eos
1314 1678 1623 1729 confugiendum

194 1744 300 1778 esse,
324 1734 388 1785 qui
410 1734 637 1773 universum
654 1745 777 1773 unum
801 1739 839 1773 et
858 1734 1062 1774 immobile
1079 1746 1165 1774 esse
1181 1734 1332 1780 dicant3
1355 1735 1389 1774 si
1409 1746 1502 1775 vero
1525 1736 1623 1774 utri-

193 1800 271 1839 que
292 1801 426 1829 errare
448 1790 665 1835 videantur,
687 1789 875 1830 ridiculos
896 1803 938 1830 se
959 1792 1064 1842 ipsos
1086 1791 1183 1837 fore,
1207 1803 1299 1832 cum
1322 1792 1623 1843 sapientissimis

195 1844 271 1883 illis
291 1845 383 1884 viris
404 1858 446 1885 se
466 1845 662 1886 haberent
682 1848 943 1898 sapientiores
954 1845 998 1898 3).

308 1900 386 1941 lam
419 1901 602 1941 Socrates
630 1904 870 1953 quaestionis
905 1905 1027 1955 ipsius
1055 1905 1209 1944 initium
1239 1904 1347 1944 ducit
1382 1917 1404 1944 a
1433 1905 1620 1950 motione,

194 1954 310 1996 cuius
331 1957 408 1996 duo
430 1958 617 1997 discernit
638 1970 803 2009 genera,
827 1959 1016 2006 alterum,
1049 1961 1155 2012 quod
1184 1962 1355 2012 positum
1386 1965 1446 2001 est
1473 1961 1514 2000 in
1544 1960 1623 2000 loci

193 2014 408 2053 mutatione
429 2019 466 2054 et
486 2016 527 2054 in
549 2015 686 2054 eodem
709 2017 930 2055 versatione
955 2015 1218 2069 (περιφορά),
1241 2016 1430 2063 alterum,
1455 2017 1560 2068 quod
1580 2018 1622 2057 in

195 2071 409 2110 mutatione
429 2082 565 2110 rerum
589 2067 865 2123 (ἀλλοίωσις).
915 2073 997 2112 Iam
1018 2085 1112 2112 vero
1145 2075 1275 2113 omnia
1304 2079 1473 2126 utroque
1502 2073 1620 2114 modo

194 2127 343 2166 moveri
364 2139 526 2167 necesse
548 2135 625 2173 est,
650 2127 822 2180 alioquin
844 2129 959 2168 simul
977 2129 1241 2170 movebuntur
1257 2136 1374 2182 atque
1390 2132 1619 2170 consistent.

194 2182 511 2224 Demonstratum
532 2190 664 2224 autem
686 2191 771 2224 erat
790 2197 910 2238 supra
932 2187 1103 2238 primum
1125 2199 1312 2227 sensuum
1342 2188 1621 2239 perceptiones

193 2239 246 2278 ita
266 2239 370 2286 fieri,
393 2245 436 2280 ut
455 2242 577 2280 motio
598 2243 700 2281 inter
720 2242 780 2286 id,
804 2242 909 2294 quod
930 2244 1094 2294 patitur,
1119 2250 1157 2283 et
1177 2244 1234 2289 id,
1266 2244 1373 2296 quod
1394 2244 1532 2290 efficit,
1561 2245 1620 2284 in-

192 2296 387 2342 tercedat,
418 2309 493 2348 qua
525 2299 697 2337 motione
730 2300 884 2350 patiens
913 2300 1079 2340 evadere
1107 2301 1302 2346 sentiens,
1333 2313 1412 2341 non
1445 2313 1618 2347 sensum,

193 2351 368 2392 efficiens
389 2359 519 2393 autem
543 2353 656 2404 quale
684 2353 848 2407 aliquid,
879 2367 957 2395 non
987 2356 1225 2408 qualitatem.
1278 2357 1427 2397 Deinde
1456 2357 1619 2397 demon-

193 2413 358 2448 stratum
381 2416 465 2449 erat
484 2422 613 2461 neque
634 2412 786 2463 patiens
807 2423 935 2463 neque
958 2414 1132 2453 efficiens
1161 2426 1247 2454 esse
1275 2426 1347 2466 per
1377 2426 1438 2460 se,
1470 2414 1540 2454 sed
1572 2427 1620 2454 ex

193 2470 362 2523 utroque
392 2472 558 2506 coeunte
586 2467 671 2506 fieri
700 2473 739 2507 et
767 2480 906 2508 sensus
936 2475 973 2509 et
1001 2482 1128 2510 sensa.
1181 2470 1288 2517 Quae
1326 2483 1416 2510 cum
1443 2472 1498 2511 ita
1527 2472 1617 2517 sint,

192 2522 345 2567 omnia,
370 2524 554 2574 quoniam
576 2529 615 2563 et
635 2531 842 2564 moventur
864 2532 902 2565 et
922 2532 1143 2573 mutantur,
1172 2534 1390 2579 perpetuae
1411 2528 1620 2568 mutationi

193 2577 362 2618 obnoxia
389 2585 492 2619 sunt.
549 2580 664 2620 Velut
692 2580 824 2621 album
859 2582 952 2622 dum
980 2588 1177 2630 movetur,
1208 2585 1324 2623 etiam
1357 2590 1548 2630 mutatur,
1581 2589 1620 2623 et

194 2635 297 2674 visus
325 2636 432 2675 item.
485 2636 675 2682 Quocirca
705 2638 803 2677 nihil
832 2651 962 2691 neque
990 2639 1121 2680 album
1151 2640 1230 2679 dici
1263 2647 1394 2692 potest
1429 2653 1502 2680 nec
1538 2652 1618 2680 non

193 2689 324 2730 album
347 2691 521 2745 nihilque
543 2700 618 2738 est,
643 2694 747 2745 quod
770 2700 808 2734 et
829 2695 963 2735 videre
984 2702 1022 2736 te
1044 2702 1082 2736 et
1103 2709 1180 2736 non
1199 2697 1333 2737 videre
1355 2703 1464 2736 recte
1486 2697 1618 2738 dicere

285 2813 317 2856 ι)
337 2825 370 2857 p.
387 2815 663 2849 ητα-1793.
736 2817 968 2860 2)0.XXV1.
1039 2821 1074 2863 3)
1095 2821 1330 2864 0.xxv11p.
1349 2821 1615 2857 1790—18113.
