1748 2950
335 181 392 222 88
795 181 1207 225 PROLEGOMENA

337 292 370 335 B
399 290 520 345 sqq).
579 295 634 334 Et
671 295 737 334 hic
773 295 930 345 quidem
973 296 1059 334 eius
1100 295 1298 335 sententia
1326 294 1567 345 gravissimis
1591 296 1665 335 im·

336 355 534 403 pugnatur
561 350 821 402 argumentis,
880 350 1116 390 Ostenditur
1145 352 1248 389 enim
1278 350 1539 390 subtilissime
1582 362 1664 398 eos,

339 405 406 456 qui
431 416 551 443 unum
581 418 652 444 ens
682 410 884 452 statuant,
922 406 1082 447 sibimet
1122 407 1223 458 ipsis
1252 405 1450 445 aduersari
1482 419 1527 446 ac
1556 419 1666 445 snam

337 461 516 510 ipsorum
552 461 747 500 rationem
793 464 996 500 evertere:
1044 474 1162 512 quum
1200 462 1303 500 enim
1339 474 1459 501 unum
1508 461 1667 500 absolu-

338 519 503 565 tumque
539 515 621 555 Ens
659 528 751 555 esse
789 517 944 564 dicant,
993 522 1124 556 tamen
1161 516 1290 555 eidem
1329 518 1438 569 ipsos
1485 519 1590 555 varia
1627 521 1669 556 et

337 569 462 664 ῐιηῖὶῐει
489 572 735 620 attribuere,
779 572 884 626 quod
923 573 1089 613 maxime
1129 576 1280 626 pugnet
1318 586 1405 613 cum
1435 573 1524 614 talis
1554 572 1668 612 Entis

336 638 386 666 na
407 638 487 664 ura.

448 701 504 742 Et
530 707 776 755 postremam
812 704 972 755 quidem
1009 703 1246 743 sententiam
1274 702 1388 742 Plato
1416 704 1578 743 uberius
1608 706 1669 741 et·

338 757 417 797 iam
446 760 649 798 exornavit
679 764 820 811 postea
848 761 890 799 in
920 760 1155 798 Parmenide
1184 772 1221 810 p.
1250 759 1339 798 nn.
1369 759 1413 798 C.
1431 758 1595 797 -1-12.
1624 758 1668 797 B.

338 813 406 853 ubi
436 814 675 862 ostenditur,
706 815 756 853 Si
796 814 954 855 Unum
986 816 1078 864 sit,
1108 814 1242 854 nihil
1273 825 1398 853 esse.
1454 814 1668 853 Enimvero

339 868 445 919 quod
481 870 536 908 ibi
577 866 628 910 τὸ
668 874 711 910 ἕν
755 875 944 918 vocatur,
983 872 1089 910 idem
1130 870 1246 921 plane
1284 874 1347 908 est
1387 869 1493 920 quod
1522 871 1559 908 in
1590 869 1669 908 hoc

339 924 555 976 sophistae
594 923 684 965 loco
726 923 775 965 τὸ
808 922 871 966 ὄν.
930 926 1169 978 Intelligitur
1210 930 1345 964 autem
1384 925 1578 963 infinitum
1605 936 1669 963 es·

341 980 494 1019 sentiae
533 981 770 1033 principium
808 993 927 1034 supra
967 995 1102 1022 omnes
1143 993 1279 1020 eorum
1319 993 1420 1031 quae
1457 985 1592 1018 extant
1629 982 1672 1018 et

341 1035 451 1075 finita
481 1040 575 1074 sunt
603 1039 781 1076 rationes
811 1041 853 1075 et
882 1038 1137 1076 condiciones
1169 1038 1335 1082 elatum,
1380 1037 1462 1074 sive
1491 1035 1672 1074 absoluta

340 1103 476 1130 merae
495 1093 696 1131 essentiae
715 1093 879 1144 positio,
909 1105 1010 1143 quae
1040 1105 1112 1131 nec
1141 1092 1322 1131 adiuncta
1353 1093 1427 1129 sibi
1457 1091 1579 1130 habet
1608 1103 1672 1129 re-

339 1158 429 1185 rnm
464 1148 692 1198 praedicata
728 1160 804 1187 nec
849 1147 937 1199 ipsa
974 1148 1194 1200 praedicari
1231 1148 1281 1186 de
1321 1146 1401 1185 ulla
1440 1159 1484 1184 re
1524 1149 1672 1198 potest.

339 1201 446 1241 lluic
472 1203 594 1253 igitur
623 1203 717 1244 Enti
745 1203 931 1242 absoluto
969 1204 1174 1255 eripienda
1203 1202 1318 1242 Plato
1343 1207 1481 1241 censet
1511 1200 1675 1254 praedi-

341 1261 430 1299 cata
471 1259 623 1307 omnia,
669 1260 877 1309 arguitque
914 1259 1198 1298 Parmenideos
1247 1258 1418 1306 erroris,
1467 1258 1533 1308 qui
1578 1255 1674 1295 illud

341 1325 420 1352 non
457 1314 576 1353 modo
613 1314 767 1353 duobus
808 1316 1030 1354 nominibus
1072 1325 1217 1354 unum
1262 1318 1305 1352 et
1343 1313 1444 1352 Ens
1482 1313 1674 1363 insignire

342 1369 520 1417 soleant,
549 1381 686 1410 verum
718 1372 836 1409 stiam
867 1372 1202 1411 rotundum-esse
1229 1370 1374 1416 velint,
1413 1369 1584 1419 ideoque
1612 1371 1673 1406 et·

340 1425 418 1464 iam
456 1425 650 1475 primum,
687 1425 885 1475 medium,
920 1427 1124 1474 ultimum,
1170 1426 1269 1473 alia,
1307 1424 1526 1476 appellent.
1591 1423 1675 1463 Ve-
1735 1429 1745 1437 '

341 1480 501 1519 rissime
537 1480 639 1520 haec
676 1495 699 1521 a
734 1481 904 1522 Platone
940 1482 1135 1534 disputari
1173 1492 1292 1521 nemo
1331 1482 1410 1519 erit
1447 1482 1539 1530 quin
1567 1479 1674 1518 ultro

341 1534 545 1588 largiatur.
611 1536 760 1576 Verum
799 1549 918 1589 quum
965 1538 1048 1577 Ens
1093 1537 1200 1576 istud
1247 1536 1551 1575 Parmenideum
1595 1535 1674 1573 isto

340 1591 461 1631 modo
512 1597 704 1645 appareat
745 1594 850 1633 nulla
896 1594 1126 1634 distinctum
1167 1592 1381 1631 formarum
1410 1595 1453 1630 et
1479 1592 1674 1630 rationum

341 1647 535 1687 varietate
563 1647 768 1688 informari
793 1650 1046 1700 oportuisse3
1084 1649 1178 1699 qnid
1216 1651 1425 1698 praeterea
1453 1646 1545 1684 inde
1573 1658 1676 1684 con-

342 1707 556 1754 sequatur,
591 1715 673 1743 non
708 1708 772 1745 est
807 1705 1032 1744 obscurum.
1096 1704 1225 1742 Recte
1270 1703 1374 1741 enim
1410 1701 1524 1740 Plato
1562 1702 1676 1751 vidit,

342 1759 461 1797 istam
491 1759 716 1809 primariam
745 1760 856 1811 quasi
886 1763 928 1799 et
957 1758 1148 1799 infinitam
1178 1755 1332 1798 οὐσίαν
1351 1757 1399 1796 ad
1421 1757 1675 1796 efficiendam

341 1814 521 1855 veritatis
560 1815 764 1854 scientiam
803 1818 845 1855 et
881 1816 1147 1867 cognitionem
1191 1814 1492 1864 haudquaquam
1528 1811 1677 1863 aliquid

343 1881 488 1921 posse,
518 1870 834 1923 ‘quandoquidem
864 1871 1054 1922 quidquid
1078 1870 1272 1911 infinitum
1302 1871 1367 1917 sit,
1395 1868 1434 1907 id
1463 1881 1513 1907 ne
1540 1871 1677 1907 mente

344 1925 504 1975 quidem
531 1930 574 1966 et
602 1927 844 1977 cogitatione
873 1929 1088 1978 concipere
1116 1927 1199 1965 ullo
1228 1925 1346 1964 modo
1376 1924 1504 1963 liceat.
1562 1923 1677 1963 Haec

341 1981 466 2031 igitur
496 1981 760 2034 philosophus
791 1982 947 2035 plenius
981 1982 1107 2022 multo
1137 1986 1256 2032 atque
1284 1980 1468 2019 subtilius
1507 1990 1557 2018 eo
1596 1991 1675 2031 quo

342 2036 512 2077 diximus
542 2037 786 2078 Parmenidis
817 2038 906 2078 loco
935 2039 1140 2089 exposuit,
1171 2037 1220 2075 de
1251 2048 1328 2087 quo
1356 2035 1445 2073 vide
1475 2047 1575 2086 qnae
1603 2047 1677 2074 nu-

342 2103 419 2145 per
458 2093 744 2147 disputavimus
782 2095 822 2134 in
857 2094 1095 2134 Pan-menide
1123 2093 1312 2144 Prolegg.
1340 2091 1452 2132 Libr.
1483 2090 1511 2132 1.
1542 2103 1579 2132 c.
1607 2090 1677 2131 1V.

343 2159 384 2199 p.
413 2147 468 2187 72
497 2169 551 2178 —
577 2150 646 2189 06.
703 2149 765 2189 Ex
795 2162 869 2201 qua
898 2151 984 2200 ipsa
1030 2162 1076 2188 re
1105 2159 1349 2201 cognoscere
1378 2146 1476 2186 licet
1513 2145 1675 2186 Parme-
1699 2160 1722 2184 ο

343 2203 478 2243 uidem
514 2204 715 2255 aliquanto
754 2210 849 2257 post
889 2204 1118 2257 Sophistam
1163 2206 1202 2243 in
1234 2204 1363 2244 lucem
1391 2202 1542 2242 editum
1572 2213 1677 2245 esse.

344 2258 427 2299 Sed
454 2259 555 2299 haec
583 2259 788 2302 hactenus.
848 2260 1057 2313 Pergimus
1087 2260 1136 2300 ad
1165 2261 1253 2299 alia.

455 2347 687 2391 Examinato
723 2349 870 2402 placito
907 2349 1168 2390 Parmeniden
1205 2349 1282 2389 iam
1330 2347 1500 2401 primum
1549 2347 1678 2388 oratio

345 2403 529 2447 defertur
567 2406 618 2445 ad
655 2404 772 2454 illos,
811 2407 876 2458 qui
917 2418 1072 2446 omnem
1114 2405 1329 2445 essentiam
1366 2403 1599 2443 referebant
1627 2404 1679 2444 ad

343 2471 413 2508 ea,
443 2473 543 2511 quae
573 2462 752 2512 percipi,
784 2474 884 2514 quae
916 2463 1069 2509 sentiri,
1101 2474 1200 2512 quae
1229 2459 1407 2501 manibus
1437 2459 1680 2499 contrectari

344 2521 535 2567 possunt:
566 2517 631 2568 qui
659 2517 819 2568 quidem
847 2517 1044 2567 homines,
1076 2516 1341 2557 Sensualistas
1370 2515 1492 2558 hodie
1522 2519 1678 2563 vocant,

343 2583 422 2615 non
462 2571 581 2612 modo
616 2571 750 2616 facete
788 2572 1026 2623 irridentur,
1071 2585 1209 2613 verum
1255 2571 1374 2612 etiam
1422 2570 1680 2612 confutantur

346 2628 689 2679 argumentatione
723 2629 992 2670 subtilissima.
1051 2628 1129 2678 Qui
1159 2626 1319 2678 quidem
1349 2627 1460 2667 locus
1489 2638 1680 2680 perquam

344 2686 407 2724 est
453 2684 720 2726 memorabilis
761 2689 803 2724 et
851 2685 900 2724 ad
953 2685 1203 2727 subtiliorem
1245 2682 1465 2724 doctrinam
1501 2682 1681 2724 Platonis
