1748 2950
564 149 635 190 AD
664 146 994 190 somusTAM.
1396 150 1454 191 33

95 275 223 314 eoque
256 263 420 314 negotio
452 266 533 301 tam
563 266 629 301 est
655 261 820 308 multus,
853 265 934 301 tam
966 259 1210 311 indefessus,
1242 266 1320 301 tam
1352 263 1447 302 sub-

38 364 45 371 .
93 321 177 359 tilis
209 320 404 371 denique,
445 324 490 358 ut
526 318 648 357 facile
684 329 877 369 agnoscas
906 319 1109 358 hominem
1140 321 1179 358 in
1211 318 1449 358 disserendo

93 376 142 415 ad
172 382 310 415 certae
341 376 508 415 alicuius
540 374 704 414 scholae
733 376 930 414 rationem
961 380 1003 414 et
1025 377 1356 415 consuetudinem
1378 377 1448 415 ad-

93 434 333 472 suefactum.
389 432 489 470 Nam
529 432 564 470 si
595 432 690 482 qnid
719 433 915 483 suspicari
953 432 1072 479 lieet,
1110 432 1327 484 Megarici,
1367 433 1448 471 Ze-

93 490 208 529 nonis
239 489 417 528 sortasse
448 489 674 538 exemplum
703 489 849 535 secuti,
880 489 920 528 in
950 489 1186 529 definiendis
1218 490 1448 528 notionibus

93 547 169 584 hac
210 546 271 584 usi
310 549 404 584 sunt
446 545 529 592 via,
567 549 612 583 ut
650 542 698 582 ab
730 556 880 596 genere
917 546 1051 596 aliquo
1090 547 1223 585 exorsi
1254 547 1448 598 deinceps

93 608 231 655 partes
261 602 318 640 illi
347 602 549 640 subiectas
580 602 721 640 ordine
753 607 950 653 perpetuo
985 608 1350 653 persequerentur,
1380 616 1448 642 ns-

93 672 172 710 que
209 658 302 697 dum
345 671 393 697 ea
429 658 540 696 notio
572 659 845 709 reperiretur..
888 671 989 709 quae
1018 660 1056 697 in
1087 661 1152 706 id,
1192 661 1243 698 de
1272 672 1351 710 quo
1382 660 1449 698 in·-

93 716 235 754 stituta
266 719 378 753 esset
417 715 660 765 disputatio,
705 716 920 754 comeuire
958 715 1174 755 videretur.
1232 716 1449 755 Enimvero

92 773 195 810 haue
233 772 393 821 quidem
442 773 638 809 rationem
688 772 958 822 usurpabant,
1006 774 1190 823 quoniam
1241 773 1450 812 Socratica

93 828 311 868 definiendi
342 828 444 866 ratio
475 828 677 866 adversari
707 828 919 866 videbatur
947 829 1129 879 ipsorum
1157 828 1336 877 decreto,
1368 840 1454 880 quo

92 885 134 923 in
181 898 298 922 unam
341 885 591 934 eandemque
622 897 704 922 rem
744 884 881 935 plures
921 886 1204 924 attribut?oues
1235 887 1451 924 convenire

92 942 314 991 negabant:
353 942 459 979 uude
499 942 618 978 etiam
661 940 943 979 Antisthenem
983 941 1152 992 legimus
1193 942 1298 993 apud
1337 942 1450 980 Ari-

93 1002 212 1036 stot.
242 997 473 1048 Metapliys.
504 995 553 1036 V.
584 996 648 1034 29⁷
674 996 776 1036 Vlll.
799 998 838 1035 3.
868 1009 1025 1035 omnem
1058 997 1302 1036 definitionis
1333 1010 1449 1036 usum

93 1053 380 1105 repudiavisse.
441 1053 568 1102 Quam
612 1053 663 1092 ob
701 1065 787 1091 rem
817 1053 876 1091 illi
908 1054 945 1091 in
980 1054 1208 1093 definiendo
1239 1067 1318 1093 non
1348 1065 1449 1092 con-

93 1111 311 1161 iungebant
346 1109 557 1156 notiones,
600 1110 675 1148 sed
713 1109 943 1148 dividebant
983 1112 1143 1161 potius,
1186 1123 1263 1161 quo
1294 1111 1452 1150 scilieet

93 1178 355 1217 unaquaeque
382 1166 471 1203 idea
500 1178 574 1217 per
604 1178 649 1204 se
678 1178 859 1205 seorsum
882 1172 1067 1205 constare
1092 1167 1310 1209 videretur.
1370 1169 1449 1206 Ac-

94 1224 205 1262 ced³t
236 1224 344 1273 quod
373 1222 475 1260 hanc
503 1222 699 1260 rationem
729 1235 839 1261 suam
870 1224 1039 1261 maxime
1069 1224 1109 1262 in
1138 1224 1187 1262 iis
1218 1224 1340 1262 rebus
1370 1224 1449 1262 cir⁴

95 1279 412 1318 cumscribendis
442 1279 674 1317 adhibuisse
703 1279 912 1327 videntur,
945 1292 1046 1330 qnae
1076 1285 1216 1319 essent
1245 1280 1319 1319 sub
1352 1293 1452 1319 sen-

95 1349 165 1374 sus
198 1337 427 1383 subiectae,
457 1335 581 1374 xeluti
610 1340 743 1383 artes,
774 1336 824 1374 de
856 1337 999 1386 quibus
1029 1336 1067 1374 in
1098 1336 1289 1388 Sophista
1321 1337 1451 1375 disse·-

94 1393 211 1432 ritur,
271 1392 399 1430 liuius
430 1396 593 1430 nostrae
633 1393 857 1430 sententiae
888 1392 1065 1431 fatemur
1096 1406 1167 1431 nos
1192 1394 1342 1432 nullum
1372 1393 1452 1432 ha-

95 1450 197 1487 bere
234 1449 447 1499 scriptoris
486 1449 651 1487 alicuius
690 1450 981 1487 testimonium.
1047 1449 1131 1488 Sed
1175 1455 1309 1488 tamen
1360 1463 1451 1489 eam

96 1505 256 1544 aliunde
294 1505 455 1543 firmare
495 1517 617 1556 posse
657 1518 734 1543 non
778 1506 923 1544 iniuria
957 1505 1072 1544 nobis
1113 1507 1305 1546 videmur.
1373 1507 1452 1545 Est

97 1563 203 1601 enim
241 1561 341 1599 haee
387 1562 571 1600 notiones
615 1561 972 1600 circumscribendi
1018 1563 1122 1601 ratio
1161 1576 1211 1601 ex
1251 1568 1452 1615 perpetua

98 1618 264 1669 quadam
296 1618 531 1656 divisionum
562 1618 670 1656 serie
699 1618 818 1656 ducta
849 1623 891 1656 et
920 1620 1097 1669 repetita
1127 1620 1327 1658 simillima
1356 1633 1453 1659 sane

98 1675 137 1714 ei
176 1675 346 1722 rationi,
391 1687 468 1725 qua
498 1674 701 1713 Eleaticos
733 1679 776 1713 et
804 1674 1038 1726 Megaricos
1067 1676 1107 1714 in
1136 1676 1452 1728 argumentando

97 1744 192 1770 usos
233 1744 324 1770 esse
363 1738 620 1782 compertum
665 1731 873 1770 habemus.
942 1731 1208 1771 Cumulabant
1248 1734 1353 1772 enim
1393 1733 1453 1772 illi

98 1788 466 1839 argumentationes
513 1788 926 1838 argumentationibus
978 1789 1056 1836 ita,
1105 1793 1150 1828 ut
1200 1802 1362 1841 semper
1402 1802 1454 1830 ex

99 1844 420 1883 conclusionibus
469 1850 664 1895 protenus
712 1856 834 1883 novas
885 1843 1113 1884 derivarent
1161 1847 1453 1886 conclusiones.

99 1900 218 1950 Quod
258 1913 333 1950 qua
370 1900 528 1938 ratione
559 1900 606 1938 ab
637 1901 686 1938 iis
717 1900 869 1939 factum
902 1902 979 1948 sit,
1025 1914 1158 1953 nuper
1187 1904 1353 1954 copiose
1383 1916 1454 1943 ex·-

100 1957 307 2009 posuimns
345 1956 384 1994 in
415 1955 718 2007 Prolegomenis
758 1957 807 1995 ad
837 1957 1118 1997 Parmenidem
1150 1958 1254 1997 libro
1286 1957 1354 1999 111.
1385 1971 1453 1997 se—

101 2014 235 2053 ctione
273 2012 341 2051 111.
380 2026 420 2064 p.
461 2013 547 2051 314
575 2025 661 2063 sqq.
701 2012 957 2063 Diogenis
996 2013 1200 2054 Laertii
1240 2020 1284 2054 et
1325 2017 1454 2067 ipsius

99 2070 282 2109 Platonis
315 2070 377 2107 usi
406 2070 665 2109 testimoniis.
724 2068 830 2118 Quid
859 2068 1015 2120 igitur?
1043 2071 1120 2109 hac
1150 2072 1455 2122 argumentandi

99 2127 257 2166 ratione
288 2126 356 2177 qui
384 2126 449 2164 usi
487 2129 601 2174 sunt,
646 2137 717 2163 eos
757 2138 849 2164 num
879 2125 1161 2166 veridissimile
1191 2128 1456 2167 iudicabimus

101 2184 182 2222 isto
212 2183 331 2221 modo
360 2182 401 2221 in
433 2182 600 2232 siugulis
633 2182 863 2221 notionibus
893 2183 1085 2222 rimandis
1114 2188 1297 2223 versatos
1328 2186 1456 2234 esse‘i

101 2239 243 2289 ltaque
282 2250 356 2277 nos
393 2239 552 2290 quidem
584 2239 642 2277 sic
683 2239 796 2277 nobis
826 2240 1124 2290 persuasimus,
1166 2240 1377 2280 Platonem
1414 2242 1455 2282 in

105 2295 297 2347 Sophista
336 2299 379 2333 et
414 2295 586 2334 Politico
622 2294 838 2334 definiendi
878 2295 942 2334 vel
981 2297 1116 2347 potius
1148 2296 1455 2347 determinandi,

102 2352 144 2391 in
182 2351 422 2390 Parmenide
461 2355 595 2390 autem
634 2352 939 2402 argumentandi
977 2353 1078 2392 viam
1120 2358 1162 2392 et
1203 2355 1400 2394 rationem
1433 2369 1457 2394 a

102 2407 322 2459 Megaricis
351 2413 582 2458 usurpatam
613 2406 746 2446 faceta
767 2409 993 2447 imitatione
1015 2411 1279 2461 expressisse.
1337 2411 1458 2460 Quod

105 2477 184 2514 quo
218 2464 384 2503 consilio
415 2465 471 2503 ita
501 2464 661 2511 fecerit,
691 2475 784 2503 mox
802 2464 1036 2509 videbimus.
1095 2465 1213 2505 Nunc
1243 2467 1350 2506 euim
1379 2467 1458 2506 hoc

105 2524 258 2559 tantum
286 2521 464 2572 agimus,
500 2525 546 2559 ut
588 2520 766 2571 hospitis
794 2521 913 2559 istius
943 2522 1117 2561 Eleatici
1145 2524 1194 2561 ab
1226 2536 1276 2562 eo
1307 2524 1458 2563 inducti

104 2577 307 2626 ingenium
335 2581 456 2627 atque
486 2590 620 2616 mores
651 2577 788 2628 paucis
817 2577 1111 2618 adumbremus.
1168 2577 1308 2618 Utitur
1336 2580 1461 2631 igitur

105 2632 175 2671 ille
205 2644 287 2671 non
315 2645 428 2671 mere
457 2632 698 2681 Socratica.,>
723 2632 796 2672 sed
827 2635 963 2685 potius
991 2634 1200 2687 Megarica
1229 2636 1459 2688 disputandi

101 2689 286 2735 ratione,
322 2690 477 2741 quippe
516 2691 582 2729 cui
627 2688 777 2728 dudum
807 2695 894 2729 erat
923 2690 1198 2734 adsuefactus.
1256 2693 1461 2734 Verunta-

164 2765 253 2799 Plat.
281 2765 369 2809 Opp.
395 2764 471 2801 vol,
498 2766 590 2800 vm.
618 2765 711 2800 Seet.
737 2766 779 2802 11.
1107 2759 1135 2798 3
