1716 2964
560 930 1077 988 PRAEFATIO.

717 1068 917 1077 maesmaeaef,

221 1173 335 1229 Non
380 1185 509 1227 licere
545 1184 652 1226 mihi
689 1184 842 1241 putavi
881 1184 991 1226 hanc
1029 1183 1257 1226 Theaeteti
1296 1182 1532 1226 editionem

111 1266 254 1308 dicere
275 1265 564 1308 Stallbaumii.
605 1262 794 1305 Multum
816 1265 931 1306 enim
953 1263 1044 1305 eius
1065 1262 1176 1305 liber
1206 1262 1352 1305 differt
1372 1277 1398 1304 a
1417 1276 1527 1304 meo.

224 1344 535 1400 Prolegomena
563 1343 619 1385 ab
658 1344 828 1399 integro
867 1343 1119 1399 conscripsi.
1191 1341 1533 1385 Stallbaumiana

113 1424 226 1465 em’m
263 1424 350 1465 iam
386 1439 472 1466 non
511 1423 616 1465 satis
655 1428 756 1464 sunt
798 1421 991 1465 Platonis
1029 1421 1261 1476 studiosis,
1301 1428 1533 1479 postquam

110 1502 165 1544 de
203 1503 258 1544 iis
288 1501 439 1556 rebus,
479 1516 587 1558 quae
626 1516 675 1543 eo
715 1501 810 1544 loco
847 1503 1025 1544 tractari
1063 1501 1225 1556 solent,
1273 1516 1359 1544 non
1405 1501 1533 1558 pauci

110 1581 211 1624 libri
255 1582 406 1638 scripti
457 1587 570 1623 sunt.
646 1580 843 1634 Quorum
895 1583 1044 1639 copiae
1093 1582 1175 1624 etsi
1219 1581 1404 1624 fortasse
1446 1595 1533 1624 non

107 1661 371 1718 respondent
411 1675 525 1703 nova
562 1667 604 1702 et
642 1675 768 1716 vera,
815 1676 923 1718 quae
960 1662 1016 1703 iis
1054 1661 1186 1703 allata
1223 1666 1346 1715 sunt,
1388 1666 1534 1703 tamen

109 1747 210 1784 sunt
238 1740 473 1798 permulta,
506 1755 614 1797 quae
645 1742 738 1783 sine
768 1741 902 1784 dubio
932 1741 1106 1797 neglegi
1134 1755 1221 1783 non
1251 1747 1444 1797 possunt.

222 1821 275 1862 In
318 1820 576 1862 lectionibus
615 1820 888 1863 variantibus
933 1820 1149 1863 delectum
1186 1821 1369 1863 institui.
1441 1819 1532 1873 Qui

111 1900 310 1955 quamvis
346 1899 462 1942 haud
499 1901 695 1956 ignorem
733 1915 861 1957 quam
891 1899 1057 1942 inutilis
1088 1901 1147 1942 sit
1177 1901 1250 1950 iis,
1291 1900 1365 1956 qui
1395 1905 1533 1942 artem

111 1978 306 2020 criticam
344 1985 568 2033 exercent,
613 1994 711 2022 eum
746 1986 893 2021 tamen
930 1993 1055 2036 spero
1093 1980 1147 2021 iis
1186 1993 1274 2021 non
1313 1980 1533 2035 ingratum

109 2057 224 2112 fore,
256 2058 331 2114 qui
349 2059 396 2100 in
416 2057 600 2114 legendo
622 2065 664 2101 et
685 2058 946 2116 explicando
966 2059 1048 2101 hoc
1069 2073 1265 2102 sermone
1286 2064 1530 2101 versantur.

110 2135 404 2189 Quamobrem
449 2138 560 2179 hanc
595 2137 703 2180 mihi
742 2138 896 2195 scripsi
942 2138 1105 2194 legem,
1150 2145 1198 2181 ut
1238 2137 1402 2181 nullam
1439 2138 1532 2181 fere

111 2217 346 2274 scripturae
375 2217 712 2274 discrepantiam
732 2217 1031 2274 neglegerem,
1062 2233 1172 2275 quae
1202 2219 1442 2276 pertineret
1471 2217 1529 2260 ad

111 2296 332 2353 scriptoris
361 2299 641 2353 sententiam,
673 2298 727 2340 de
748 2297 948 2341 omnibus
968 2305 1134 2354 autem,
1167 2312 1276 2355 quae
1306 2299 1353 2341 in
1382 2299 1529 2355 singu-

110 2375 247 2418 larum
270 2391 426 2420 vocum
455 2377 606 2420 formis
637 2377 839 2420 novanda
868 2378 976 2420 mihi
1006 2378 1284 2433 viderentur,
1315 2379 1362 2421 in
1391 2378 1531 2436 prole-

109 2457 304 2511 gomenis
335 2457 535 2503 dicerem.

221 2536 274 2579 In
312 2539 629 2581 commentariis
665 2537 908 2581 scribendis
945 2538 1070 2596 plura
1099 2553 1167 2580 me
1205 2538 1365 2581 debere
1394 2538 1530 2582 Hein-

110 2614 245 2659 dorfio
275 2632 405 2674 quam
427 2617 710 2661 Stallbaumio
740 2619 896 2661 mirum
927 2619 1087 2661 nemini
1117 2618 1354 2662 videbitur.
1395 2618 1530 2661 Hein-

110 2694 269 2739 dorfius
301 2698 436 2752 enim,
474 2705 522 2741 ut
558 2706 725 2742 taceam
756 2698 810 2741 de
840 2699 918 2754 iis,
959 2714 1069 2757 quae
1097 2699 1144 2741 in
1173 2697 1355 2742 Platone
1386 2713 1530 2741 emen-

110 2773 252 2820 dando
303 2792 462 2834 magna
521 2778 626 2822 fecit
670 2778 1053 2837 memorandaque,
1108 2786 1151 2822 et
1202 2779 1532 2822 fundamentum

109 2855 213 2899 iecit
248 2856 443 2902 Platonis
491 2859 742 2917 explicandi
787 2875 874 2904 una
919 2875 1017 2904 cum
1055 2859 1450 2904 Schleiermachero
1489 2865 1532 2902 et
