1748 2944
738 76 1038 111 ΘΕΑΙΤΗΤΟΣ.

1522 73 1599 115 131

177 193 327 254 ὀρθῶς
367 193 563 254 ὑμνῆσαι
602 196 728 240 θεῶν
767 211 815 239 τε
855 194 928 239 καὶ
965 191 1145 252 ἀνδρῶν
1182 190 1466 250 εὐδαιμόνων
1501 195 1602 249 βίον
1628 200 1693 232 176

179 261 340 322 ἀληθῆ.

283 337 415 377 ΘΕΟ.
452 334 511 376 Εἰ
532 328 724 388 πάντας,
751 325 785 376 ὦ
807 327 1070 388 Σώκρατες,
1095 333 1269 382 πείθοις
1293 325 1321 373 ἃ
1346 329 1493 386 λέγες,
1519 326 1601 373 ὤσ-

181 417 263 458 περ
289 400 384 458 ἐμέ,
420 403 587 444 πλείων
611 395 667 445 biv
691 396 846 458 εἰρήνη
871 399 944 444 καὶ
969 396 1082 443 κακὰ
1108 395 1272 443 ἐλάττω
1297 393 1393 442 κατ’
1421 394 1601 454 ἀνθρώ-

147 486 164 512 5
181 485 292 521 πους
316 473 396 525 εἴη.

282 541 381 582 ΣΩ.
424 532 435 550 ’

434 531 543 581 Αλλ’
569 532 666 580 οὔτ’
692 531 945 580 ἀπολέσθαι
971 532 1023 580 τὰ
1054 533 1167 579 κακὰ
1192 530 1408 591 δυνατόν,
1435 525 1469 577 ὦ
1497 531 1602 579 Θεό-

181 607 318 663 δωρε·
342 601 613 649 ὑπεναντίον
633 601 716 661 γάρ
735 623 776 649 τι
794 605 855 664 τῷ
873 599 1033 664 ἀγαθῷ
1054 599 1124 647 ἀεὶ
1150 601 1262 648 εἶναι
1288 598 1482 659 ἀνάγκη·
1502 598 1600 646 οὔτ’

181 674 230 718 ἐν
251 679 376 726 θεοῖς
400 668 512 717 αὐτὰ
538 673 774 730 ἱδρῦσθαι,
810 669 892 729 τὴν
916 671 965 716 δὲ
989 669 1164 729 θνητὴν
1187 668 1328 728 φύσιν
1360 670 1434 715 καὶ
1469 667 1602 714 τόνδε

179 737 257 785 τὸν
280 738 417 786 τόπον
440 746 672 798 περιπολεῖ
702 742 745 794 ἐξ
777 736 984 797 ἀνάγκης.
1037 738 1106 784 διὸ
1139 739 1213 784 καὶ
1245 740 1486 796 πειρᾶσθαι
1519 735 1602 797 χρὴ

131 828 162 852 10
182 809 370 854 ἐνθένδε
404 809 546 854 ἐκεῖσε
578 805 766 866 φεύγειν
799 804 824 853 ὅ
854 826 895 852 τι
919 805 1111 865 τάχιστα.
1150 806 1273 864 φυγὴ
1308 805 1358 851 δὲ
1390 802 1601 864 ὁμοίωσις
1626 815 1655 847 Β

180 879 275 937 θεῷ
300 875 410 922 κατὰ
433 875 480 922 τὸ
507 875 722 922 δυνατόν·
747 872 955 935 ὁμοίωσις
982 875 1031 920 δὲ
1058 878 1232 920 δίκαιον
1257 875 1327 919 καὶ
1350 872 1477 919 ὅσιον
1493 872 1602 932 μετὰ

179 942 440 1003 φρονήσεως
464 945 686 1002 γενέσθαι.
725 941 837 990 ἄλλα
861 942 961 1002 γάρ,
983 938 1017 988 ὦ
1036 940 1204 1001 ἄριστε,
1230 940 1284 988 οὐ
1304 940 1426 987 πάνυ
1445 942 1603 1002 ῥᾴδιον

179 1023 328 1058 πεῖσαι
354 1011 413 1066 ὡς
437 1009 522 1071 ἄρα
548 1011 628 1071 οὐχ
653 1006 716 1058 ὧν
736 1014 865 1058 ἕνεκα
890 1014 938 1057 οἶ
957 1017 1115 1057 πολλοί
1137 1027 1247 1069 φασι
1268 1014 1365 1056 δεῖν
1384 1014 1604 1069 πονηρίαν

179 1080 262 1139 μὲν
285 1079 483 1139 φεύγειν,
509 1078 671 1139 ἀρετὴν
697 1081 747 1126 δὲ
766 1080 962 1138 διώκειν,
987 1078 1157 1125 τούτων
1180 1078 1310 1138 χάριν
1334 1078 1381 1124 τὸ
1405 1079 1488 1137 μὲν
1514 1080 1602 1124 ε’πι·

133 1166 162 1190 13
182 1150 441 1206 τηδευτὲον,
466 1147 514 1194 τὸ
542 1146 584 1193 δ’
611 1148 690 1207 οὔ,
724 1151 800 1194 ἵνα
833 1146 892 1207 μὴ
917 1147 1050 1201 κακὸς
1083 1149 1155 1193 καὶ
1180 1150 1256 1193 ἵνα
1286 1144 1459 1204 ἀγαθὸς
1494 1149 1604 1205 δοκῇ

182 1215 319 1274 εἶναι,
344 1218 480 1262 ταῦτα
504 1215 588 1275 γάρ
614 1218 730 1262 ἐστιν
753 1215 776 1261 ὁ
803 1215 1037 1275 λεγόμενος
1061 1219 1212 1274 γραῶν
1236 1213 1399 1272 ὕθλος,
1426 1214 1484 1268 ὥς
1511 1217 1604 1273 ἐμοὶ

182 1289 406 1342 φαίνεται·
432 1283 480 1330 τὸ
507 1285 556 1330 δὲ
580 1281 745 1342 ἀληθὲς
770 1277 860 1346 ᾆδε
884 1286 1096 1342 λέγωμεν.
1135 1282 1241 1336 θεὸς
1265 1280 1440 1341 οὐδαμῇ
1466 1280 1605 1328 οὖδα-

180 1354 272 1411 μοῖς
296 1350 471 1410 ἄδικος,
504 1349 602 1398 ἀλλ’
631 1351 689 1405 ὦς
713 1349 812 1398 οἶόν
847 1371 893 1398 τε
926 1350 1222 1409 δικαιότατος,
1261 1352 1334 1396 καὶ
1366 1348 1448 1396 οὐκ
1484 1355 1604 1396 ἔστιν
1629 1361 1656 1393 C

181 1417 301 1481 αὐτῷ
324 1417 579 1479 ὁμοιότερον
601 1418 739 1466 οὐδὲν
763 1416 789 1478 ἢ
813 1417 861 1474 ὃς
885 1417 942 1466 α”ν
973 1418 1101 1478 ἡμῶν
1126 1413 1183 1465 αὖ
1215 1422 1394 1478 γένηται
1425 1417 1448 1464 ὅ
1473 1438 1512 1464 τι
1539 1423 1603 1465 δι·

130 1506 162 1530 ·-2'0
181 1487 416 1543 καιότατος.
461 1490 562 1548 περὶ
587 1487 746 1534 τούτου
770 1490 844 1534 καὶ
868 1486 895 1546 ἡ
925 1486 984 1541 ὥς
1007 1485 1188 1546 άληθῶς
1215 1485 1415 1546 δεινότης
1439 1484 1603 1546 ἀνδρὸς

180 1558 253 1602 καὶ
276 1555 461 1603 οὖδενία
485 1575 532 1602 τε
565 1558 639 1602 καὶ
672 1554 905 1615 ἀνανδρία.
950 1555 977 1614 ἡ
1013 1556 1096 1615 μὲν
1127 1555 1211 1615 γὰρ
1248 1555 1408 1602 τούτου
1440 1558 1603 1613 γνῶσις

180 1629 315 1683 σοφία
340 1626 412 1671 καὶ
437 1623 570 1684 ἁρετὴ
594 1622 813 1683 ἀληθινή,
851 1623 876 1682 ἡ
904 1625 952 1670 δὲ
977 1624 1136 1683 ἄγνοια
1161 1621 1334 1683 ἀμαθία
1366 1625 1439 1669 καὶ
1473 1629 1603 1669 κακία

180 1757 255 1780 var.
272 1747 357 1782 lect,
377 1758 411 1789 p.

431 1749 515 1788 299,
540 1743 767 1788 ἐλευθερίως
785 1747 987 1779 Creuzerus
1007 1747 1051 1779 ad
1070 1747 1165 1781 Plot
1182 1746 1239 1779 111
1258 1758 1291 1789 p.
1311 1748 1389 1779 400.

1500 1740 1602 1778 Ιοῖν

182 1789 299 1835 δρῶν]
320 1772 539 1833 ἀνθρώπων
562 1791 602 1825 C.
623 1793 665 1825 G.
684 1792 846 1825 Cobetus
865 1803 1035 1825 mnemos.
1054 1793 1104 1824 XI
1123 1803 1157 1834 p.
1174 1793 1239 1824 242
1265 1792 1478 1824 auctoribus
1494 1791 1604 1823 Athe-

181 1837 314 1870 naeol.
334 1837 356 1869 1.
376 1842 413 1870 et
430 1837 605 1872 'lhemist
625 1848 660 1879 p.
678 1838 794 1870 263D.

905 1839 924 1869 2
949 1831 1082 1880 αληθῆ
1109 1837 1371 1869 eliminandum
1391 1841 1518 1870 censet
1537 1837 1603 1869 Co-

180 1883 288 1914 betus
305 1882 328 1915 l.
346 1882 369 1914 1.
388 1882 600 1915 Athenaeus
617 1883 654 1913 id
671 1893 742 1915 non
759 1883 911 1934 agnovit
929 1886 966 1915 et
982 1883 1123 1915 Themi
1122 1883 1206 1915 tius
1225 1883 1314 1914 omis
1318 1893 1356 1914 so
1375 1875 1507 1925 αληθῆ
1522 1886 1605 1924 post

181 1922 301 1970 λόγων
318 1928 421 1980 ponit
438 1921 647 1980 αληθινην.

180 2018 387 2053 ἮΔΠΒιό.

784 1929 825 1959 12
843 1922 946 1961 πάνυ
964 1939 998 1960 τι
1016 1936 1054 1969 ς,
1074 1939 1108 1960 τι
1127 1939 1194 1959 om.
1213 1927 1363 1962 ἯΔΠ1
1384 1928 1463 1960 1¹:ch

183 1971 261 2006 15
240 1984 306 2006 ινα
323 1968 371 2015 δὴ
392 1982 432 2015 ς,
457 1970 505 2015 δὴ
531 1983 598 2005 om
616 1971 719 2007 91Δῑ
727 1972 788 2013 (Δᾶ
793 1972 882 2013 )Π’Θ
900 1974 997 2007 Hrm.

483 2019 523 2050 17
542 2014 710 2060 λέγωμεν
726 2018 847 2052 91ΔΠ
862 2018 949 2051 Bklc.
962 2014 1157 2074 ,λέγομεν
1174 2026 1206 2053 ς.

1093 1974 1133 2004 16
1152 1972 1272 2006 ταῦτα
1290 1984 1362 2014 μεν
1380 1981 1417 2009 ς,
1444 1983 1514 2005 ιιεν
1533 1983 1599 2004 om.

1299 2020 1342 2051 20
1366 2012 1468 2060 παρὰ
1489 2017 1601 2050 τοῦτο

181 2064 407 2106 Stephanus,
431 2063 644 2095 schediasm.
668 2073 744 2095 var.
764 2063 843 2097 libr.
864 2064 916 2095 111
937 2074 969 2105 p
989 2065 1050 2104 91,
1074 2061 1161 2105 περὶ
1186 2062 1298 2096 τοῦτο
1317 2063 1422 2095 Hvaz
1448 2063 1492 2095 de
1519 2073 1602 2095 cou—

178 2110 318 2141 iectura
336 2108 552 2149 Rueckerfi,
572 2108 635 2142 ecl.
655 2108 748 2141 Plat.
769 2120 801 2151 p.
819 2110 874 2141 25.

180 2211 283 2243 Haec
299 2211 429 2252 verba,
454 2211 531 2242 sive
556 2221 574 2243 e
599 2214 708 2252 poeta
731 2210 856 2251 aliquo

180 2256 391 2299 deprompta
425 2257 502 2288 sive
537 2255 703 2288 Platonis
737 2256 854 2298 ipsius

181 2304 279 2342 sunt,
296 2312 402 2344 quam
419 2301 574 2333 maxime
590 2301 856 2333 convvniuntin

179 2347 274 2378 hune
287 2346 413 2387 locum,
434 2357 505 2388 quo
519 2345 725 2388 philosophi
740 2346 856 2388 digni-

181 2394 239 2424 tas
257 2395 368 2434 atque
383 2391 590 2444 amplitudo
609 2391 855 2433 praedicatur.

227 2438 243 2468 1
263 2436 348 2480 βίον
371 2431 521 2480 ἀληθῆ,
547 2437 684 2469 vitam
709 2447 856 2469 veram

181 2482 205 2513 i.
223 2492 255 2514 e.
273 2483 403 2523 vitam,
422 2493 515 2524 quae
535 2492 662 2515 revera
680 2481 753 2513 dici
773 2491 852 2524 pos-

181 2527 230 2558 sit
247 2527 334 2560 vita,

228 2573 269 2604 10
285 2567 462 2625 ὁμοίωσις
478 2571 731 2617 θεῷ,Ρ11ειοᾶ.
756 2571 852 2604 1070

185 2609 320 2669 ἐπειδη
339 2608 544 2655 ἀθάνατος
559 2617 741 2668 φαίνεται
759 2613 854 2649 οὐσα

183 2655 222 2714 (ἦ
244 2659 386 2715 ψυχή),
415 2657 590 2715 οὐδεμία
602 2673 651 2694 αν
664 2661 734 2714 εἴη
758 2656 853 2706 αυτῇ

182 2700 278 2749 ἄλλη
293 2704 473 2758 αποφυγὴ
486 2706 616 2740 κακῶν
629 2701 720 2740 οὐδὲ
741 2717 851 2749 σωτη-

183 2750 247 2794 ρία
270 2746 372 2794 πλὴν
398 2753 465 2786 τοῦ
489 2747 538 2791 ὥς
562 2751 761 2804 βελτίστην
790 2750 855 2784 καὶ

183 2792 474 2840 φροιιμωτοῖτην
498 2794 695 2840 γειέσθαι.
733 2798 791 2829 Cf.
811 2797 854 2829 de

924 2221 999 2252 rep.
1018 2211 1067 2242 VI
1092 2211 1242 2243 501131(
1267 2210 1370 2244 (313A
1389 2221 1442 2252 sq.
1462 2211 1506 2243 de
1524 2210 1614 2253 lega·

924 2256 975 2289 IV
994 2256 1147 2288 716130.

972 2303 1010 2333 11
1025 2296 1121 2343 μετὰ
1135 2297 1365 2344 φρονήσεως.
1382 2301 1515 2334 Veram
1529 2301 1599 2334 vir-

925 2349 1040 2378 tutem
1065 2358 1086 2379 a
1115 2348 1302 2389 sapientia
1336 2347 1496 2389 disiungi
1528 2357 1598 2378 non

924 2402 1031 2434 posse
1056 2392 1162 2424 Plato
1186 2392 1293 2425 docet
1323 2393 1434 2424 etiam
1463 2392 1599 2426 Phaet]

971 2484 1011 2514 14
1029 2480 1069 2515 τό
1083 2494 1152 2533 μιν
1167 2493 1216 2514 sc.
1234 2481 1439 2533 πονηρίαν
1440 2500 1480 2504 -
1496 2477 1536 2514 τὸ
1556 2478 1599 2513 δὲ

923 2537 973 2561 sc.
1008 2522 1156 2571 οἷρετήν.
1206 2528 1245 2560 Ρ.
1279 2528 1382 2560 1761)
1397 2521 1599 2578 ἀγνοοῦσι

922 2583 994 2615 γαρ
1018 2571 1155 2626 ζημίαν
1178 2567 1355 2614 ἀδικίας,
1384 2564 1404 2604 ὃ
1430 2572 1496 2604 δεῖ
1516 2583 1598 2614 ηνι-

923 2626 993 2650 στοι
1010 2613 1180 2659 ἀγνοεῖν.

970 2663 1011 2695 15
1028 2661 1122 2706 δοκῇ
1141 2674 1190 2695 sn.
1210 2658 1229 2696 ὁ
1249 2658 1404 2705 ἔπιτηὸε
1411 2657 1495 2694 ύωι

971 2699 1176 2758 16γραῶνῦ
1180 2709 1294 2746 θλοςτ
1311 2703 1373 2740 ἐπὶ
1388 2718 1460 2739 των
1474 2704 1598 2749 μάτην

926 2748 1151 2795 ληρούντωι.
1192 2754 1325 2785 Zcuob.
1346 2753 1399 2784 111
1421 2754 1458 2791 5,
1483 2752 1544 2784 ubi
1564 2762 1597 2784 v.

925 2798 953 2828 1
958 2798 1146 2830 cutschius

1282 2855 1328 2886 9*
