1748 2950
712 133 1011 169 ΘΕΑΙΤΗΤΟΣ.
1494 130 1574 172 153

256 259 355 300 Σῼ.
384 251 481 312 Ἔχε
505 250 582 311 δή·
615 248 723 297 ἄλλο
755 270 797 298 τι
828 252 909 296 τοῦ
931 250 1014 310 μὲν
1045 254 1239 308 σκληροῦ
1271 246 1353 307 τὴν
1386 246 1576 308 σκληρό-
1603 257 1665 290 186

154 341 260 381 τητα
298 318 371 367 διὰ
406 324 482 380 τῆς
520 322 690 380 ἐπαφῆς
728 319 990 378 αἰσθήσεται
1026 321 1100 365 καὶ
1134 321 1214 364 τοῦ
1250 321 1453 377 μαλακοῦ
1494 315 1577 376 τὴν

155 388 433 450 μαλακότητα
457 387 694 446 ὦσαῦτως;

257 464 415 505 ΘΕΑῙ.
453 462 558 504 Ναί.

119 544 135 569 5
254 533 353 574 ΣΩ.
398 523 490 585 Τὴν
522 527 574 572 δέ
602 544 652 584 γε
676 524 835 572 οὐσίαν
870 522 993 572 καὶ’
968 544 992 570 ο
1016 543 1058 570 τι
1083 522 1212 570 ε’στὸν
1244 524 1317 569 καὶ
1342 520 1424 581 τὴν
1449 524 1574 569 ἐναν-

153 594 326 654 τιότητα
350 592 459 654 πρὸς
490 591 667 652 ἀλλήλω
701 595 774 640 καὶ
798 591 880 652 τὴν
903 591 1064 640 οὐσίαν
1089 588 1147 638 αὖ
1170 593 1247 650 τῆς
1273 589 1574 649 ἐναντιότητος

154 661 264 722 αῦτὴ
295 661 322 722 ἡ
358 662 477 722 ψυχὴ
516 664 756 709 ἐπανιοῦσα
796 662 872 708 καὶ
904 659 1224 721 συμβάλλουσα
1255 658 1365 719 πρὸς
1406 657 1575 718 ἄλληλα

152 736 323 792 κρίνειν
346 733 547 791 πειρᾶται
571 727 690 790 ἡμῖν.

255 806 415 846 ΘΕΑΙ.
458 797 587 846 Πάνυ
610 799 693 858 μὲν
716 794 812 844 οὖν.

103 886 135 910 10
258 874 356 914 Σῼ.
399 864 581 914 Οὐκοῦν
603 865 657 912 τὰ
679 867 762 926 μὲν
794 863 933 920 εὐθὺς
956 866 1209 925 γενομένοις
1232 863 1416 924 πάρεστι
1440 861 1575 923 φύσει

153 934 454 982 αἰσθάνεσθαι
479 933 737 995 ἀνθρώποις
761 954 807 980 τε
831 936 906 980 καὶ
929 938 1126 993 θηρίοις,
1159 931 1242 979 ὅσα
1273 930 1348 978 διὰ
1379 937 1460 978 τοῦ
1485 931 1574 979 στό-
1599 942 1626 974 C

153 1023 286 1063 ματος
310 1002 551 1063 παθήματα
577 1004 648 1049 ἐπὶ
671 1001 754 1062 τὴν
778 1001 926 1062 ψυχὴν
943 1007 1101 1060 τείνει,
1126 1000 1179 1047 τὰ
1205 1001 1254 1047 δὲ
1278 1002 1379 1061 περὶ
1403 999 1575 1047 τούτων

150 1070 480 1131 ἄναλογίσματα
512 1070 621 1131 πρός
652 1090 698 1118 τε
722 1069 881 1118 οὐσίαν
913 1072 986 1117 καὶ
1012 1069 1232 1128 ὠφέλειαν
1263 1068 1388 1129 μόγις
1424 1070 1497 1115 καὶ
1524 1071 1572 1115 ἐν

154 1140 296 1203 χρόνῳ
323 1138 395 1186 διὰ
419 1145 596 1186 πολλῶν
620 1137 889 1199 πραγμάτων
922 1140 994 1185 καὶ
1028 1142 1231 1192 παιδείας
1255 1142 1574 1198 παραγίγνεται

104 1226 135 1251 15
152 1206 218 1262 οἷς
242 1208 299 1255 ἂν
323 1210 397 1254 καὶ
422 1213 770 1268 παραγίγνηται;

257 1284 415 1324 ΘΕΑΙ.
452 1275 718 1324 Παντάπασι
741 1275 823 1335 μὲν
847 1271 942 1322 οῦν.

255 1352 352 1392 ΣΩ.
394 1342 504 1391 Οἷόν
526 1363 573 1391 τε
597 1340 681 1391 οῦν
704 1341 917 1403 ἀληθείας
942 1354 1092 1402 τυχεῖν
1111 1336 1146 1405 ᾦ
1170 1343 1279 1402 μηδὲ
1305 1342 1482 1399 οὐσίας;

255 1420 415 1460 ΘΕΑΙ.
448 1410 701 1459 Ἀδύνατον.

254 1488 354 1529 Σῼ.
394 1475 462 1527 Οῦ
487 1481 536 1527 δὲ
559 1479 774 1539 ἀληθείας
798 1499 862 1534 τις
885 1478 1119 1538 ἀτυχήσει,
1155 1479 1258 1525 ποτε
1282 1478 1444 1526 τούτου
1478 1481 1575 1525 ἐπι-

102 1570 135 1595 20
155 1549 333 1609 στήμων
357 1554 501 1605 ἔσται;

255 1625 414 1665 ΘΕΑΙ.
452 1619 540 1663 Καὶ
564 1619 657 1671 πῶς
680 1615 759 1676 ἄν,
785 1612 820 1662 ὦ
846 1614 1103 1675 Σώκρατες;
1599 1625 1631 1656 D

256 1693 356 1733 Σῼ.
389 1686 463 1733 Ἐν
494 1686 576 1745 μὲν
607 1683 693 1744 ἄρα
723 1695 815 1739 τοῖς
839 1682 1103 1743 παθήμασιν
1127 1681 1212 1730 οῦκ
1237 1688 1304 1729 ἔνι
1340 1682 1573 1743 ἐπιστήμη,

155 1755 203 1800 ἐν
228 1755 277 1800 δὲ
300 1758 361 1816 τῷ
386 1756 484 1812 περὶ
512 1756 695 1800 ἐκείνων
726 1757 1026 1814 συλλογισμῷ·
1061 1751 1217 1806 οὐσίας
1248 1751 1335 1812 γὰρ
1368 1754 1442 1798 καὶ
1466 1749 1575 1810 ἄλη-

153 1827 281 1876 θείας
307 1824 503 1868 ἐνταῦθα
527 1823 631 1881 μέν,
663 1821 722 1876 ὦς
748 1825 884 1880 ἔοικε,
920 1819 1114 1868 δυνατὸν
1146 1819 1376 1880 ἅψασθαι,
1411 1822 1503 1867 ἐκεῖ
1525 1820 1575 1866 δὲ

103 1909 136 1934 25
153 1887 389 1937 ἀδύνατον.

258 1965 418 2005 ΘΕΑΙ.
458 1962 679 2004 Φαίνεται.

247 2082 288 2113 17
312 2071 357 2113 οὗ
375 2081 481 2113 Hselz.
503 2080 547 2113 de
564 2078 756 2113 Heindorfi
773 2080 996 2114 coniectura.
1090 2081 1133 2112 26
1157 2078 1341 2121 φαίνεται
1358 2071 1382 2121 ἢ
1400 2072 1463 2112 οῦς
1489 2090 1576 2112 ταυ-

158 2119 224 2160 τὸν
239 2127 338 2162 ἳῑΔᾱ.

156 2237 265 2268 supra
288 2238 321 2268 p.
347 2226 448 2260 178Α
474 2226 575 2259 179Α
606 2226 649 2260 de
672 2227 758 2259 utili
783 2227 829 2260 ad

154 2273 317 2305 futurum
334 2275 477 2314 tempus
502 2272 616 2305 relato
640 2273 830 2315 disputata

157 2321 240 2350 sunt
264 2320 372 2360 atque
399 2318 556 2350 fortasse
589 2319 701 2350 etiam
733 2318 830 2351 refe-

154 2362 308 2396 rendum
338 2368 392 2395 est
424 2363 512 2402 hue,
534 2363 642 2413 quod
670 2374 703 2405 p.
729 2363 830 2396 1860

155 2409 319 2450 sequitur
335 2402 428 2450 πρός
442 2418 481 2441 τε
499 2402 634 2441 οὐσίαν
648 2406 715 2440 καὶ
732 2405 831 2451 (ὀφέ-

157 2453 274 2486 λειαν.

203 2499 244 2531 13
289 2492 331 2531 ἔν
360 2492 480 2541 χρόνῳ
513 2498 669 2530 multo
704 2509 779 2541 pos
790 2502 830 2533 t.

158 2542 291 2576 Astius.
308 2543 337 2576 F
340 2546 481 2576 ortasso
496 2546 633 2576 rectius
649 2544 830 2577 Schleier—

123 2605 136 2616 .
157 2587 364 2621 maeherus:
381 2590 452 2621 mit
475 2590 550 2621 der
576 2590 679 2621 Zeit.

205 2633 245 2665 17
258 2644 298 2669 ω.
311 2633 380 2665 ‘Ad
395 2633 469 2669 dat
484 2634 580 2666 hunc
593 2634 832 2676 repetendum

158 2679 214 2709 est
231 2660 313 2711 οἷόν
328 2688 382 2720 τε,
401 2682 614 2721 potestne
633 2679 748 2712 illud
765 2690 832 2712 ve-

158 2732 249 2754 rum
282 2725 482 2767 assequi,
526 2724 637 2767 quod
673 2735 724 2757 ne
758 2719 831 2758 οὐ·

158 2765 265 2799 σίαν
305 2769 478 2810 quidem
527 2770 712 2813 assequi
758 2781 831 2813 po-

158 2815 226 2844 tes
237 2814 293 2852 t?,
337 2816 378 2845 ut
416 2814 607 2848 declarant
645 2815 713 2848 illa
750 2827 833 2848 mox

158 2836 321 2901 Ξύμπαν
339 2851 400 2901 αρ’
425 2855 518 2893 αὐτὸ
544 2861 676 2900 καλεῖς
695 2859 831 2904 αἴσθη-

899 2236 978 2267 σιν;
993 2220 1160 2278 'Avolyym
1192 2224 1255 2259 Ωι
1279 2237 1339 2278 γε,
1366 2223 1513 2270 φαμέν,
1532 2221 1579 2260 οὐ

898 2269 1074 2326 μέτεστιν
1089 2265 1282 2324 αληθείας
1296 2264 1498 2315 αψασθαι·
1516 2266 1579 2305 οῦ-

900 2314 944 2351 δε
975 2313 1047 2361 γὰρ
1082 2312 1243 2356 οὐσι’.ἀς
1293 2318 1576 2352 HmNDonFms

900 2363 971 2397 Sed
1001 2364 1160 2396 fortasse
1188 2365 1357 2406 praestat
1386 2354 1414 2409 ᾧ
1444 2363 1577 2396 habere

900 2409 1153 2441 masculinum.

946 2455 987 2486 19
1007 2445 1064 2486 015
1089 2451 1132 2486 δὲ
1152 2448 1356 2496 ἀληθείας.
1390 2453 1479 2486 Tria
1497 2453 1533 2487 h.
1552 2453 1576 2485 l

902 2509 924 2531 a
946 2498 1103 2532 Platone
1129 2499 1309 2550 distingui
1341 2499 1577 2531 manifestum

900 2547 971 2585 est,
989 2538 1126 2577 οὐσίαν
1144 2538 1336 2587 ἀλήθειαν
1354 2538 1576 2600 ἐπιστήμην.

900 2589 1018 2632 Atque
1037 2582 1149 2622 οὐσία
1167 2589 1313 2632 quidem
1330 2592 1385 2622 est
1403 2587 1444 2622 τὸ
1464 2592 1578 2630 εἰναι,

901 2636 965 2667 das
995 2635 1160 2676 objective
1185 2635 1284 2676 Scin,
1318 2628 1488 2676 ἀλήθεια
1521 2615 1578 2667 est⁷

902 2673 1015 2712 οὗσία
1054 2683 1173 2713 mente
1214 2683 1408 2722 percepta,
1450 2680 1504 2711 ita
1536 2683 1577 2712 ut

901 2724 999 2757 idem
1017 2725 1094 2758 fere
1112 2726 1160 2758 sit
1178 2725 1274 2768 quod
1287 2724 1406 2767 σοφια
1424 2736 1458 2767 p.
1475 2724 1577 2757 145E

902 2771 966 2803 das
994 2771 1157 2812 sthectiv
1188 2771 1334 2811 erfassle
1366 2770 1459 2805 Sein
1505 2771 1577 2811 Qui

902 2818 1025 2848 autem
1055 2826 1182 2849 verum
1216 2817 1404 2848 assecutus
1434 2818 1510 2857 est,
1544 2816 1577 2848 ei

902 2860 1075 2894 tribuitur
1094 2856 1293 2904 ἐπιστήμη.
