1748 2950
348 164 404 204 34
810 162 1225 207 PROLEGOMENA

350 286 463 325 men,
490 280 537 317 ut
574 281 639 318 est
676 276 804 318 minus
844 268 1166 319 tenax‘schoiae
1196 277 1448 331 opinionum,
1477 278 1533 320 ita
1561 280 1681 319 etiam

348 333 390 372 in
428 333 663 373 disserendo
698 333 866 374 subinde
903 338 967 374 est
1003 335 1217 375 liberalior.
1284 335 1330 375 ld
1368 333 1472 386 quod
1513 336 1683 374 maxime

349 393 516 442 apparet
545 401 594 428 eo
624 389 727 436 loco,
758 390 826 429 ubi
854 388 905 429 de
935 391 1111 430 entiset
1138 391 1356 431 nou-entis
1384 394 1524 430 natura
1553 391 1683 442 deque

350 446 499 484 erroris
543 449 586 483 et
620 444 773 484 fraudis
815 444 998 485 fontibus
1035 445 1275 497 disputatur.
1345 446 1405 485 lbi
1453 447 1558 486 enim
1604 457 1683 486 non

348 500 468 540 modo
506 500 777 540 Eleaticorum
823 501 1062 541 sententiam
1108 503 1332 552 impugnat,
1378 512 1515 541 verum
1563 502 1683 541 etiam

349 561 531 607 argutum
560 556 657 594 illud
690 557 970 608 concisamque
999 557 1222 596 disserendi
1250 569 1376 607 genus
1406 558 1464 597 ita
1493 569 1682 608 asperna-

350 616 438 659 tur,
475 615 520 651 ut
548 611 612 649 vel
639 611 869 663 imprudens
897 623 1107 663 germanus
1136 612 1269 651 factus
1295 611 1476 652 videatur
1505 613 1683 652 Socrati-

350 679 431 707 cus.
488 666 701 706 Enimvero
745 668 801 706 ita
827 668 906 707 hoc
935 678 1012 707 uno
1044 667 1224 719 exemplo
1255 666 1471 708 clarissime
1500 672 1682 720 apparet,

351 726 496 774 quanto
526 722 806 775 praestabilior
835 723 890 762 sit
916 722 1118 763 Socratica
1148 735 1261 774 quam
1291 730 1430 775 arguta
1456 724 1523 763 itta
1552 724 1680 764 disse-

348 777 462 817 rendi
490 778 616 828 ratio,
645 791 761 829 quam
789 780 1034 830 usurpabant
1061 778 1236 818 Eristici.
1291 778 1404 819 Haeo
1439 781 1567 829 enim,
1604 780 1683 819 etsi

348 833 477 873 nullas
506 845 585 874 non
615 834 778 874 adhibet
805 839 937 883 artes,
969 835 1110 886 quibus
1142 834 1357 887 Sophistae
1384 835 1443 874 vis
1472 839 1515 875 et
1542 839 1682 876 natura

349 889 601 937 declaretur,
641 893 775 930 tumen
803 903 930 942 usque
958 890 1101 930 haeret
1130 891 1168 929 iu
1198 891 1318 930 rebus
1349 890 1525 931 fortuitis
1554 902 1682 943 neque

349 946 522 998 exquirit
552 944 615 993 id,
654 945 762 997 quod
791 946 840 985 ad
867 957 1005 985 rerum
1035 947 1316 998 reperiendum
1342 959 1390 986 re
1417 959 1511 987 vera
1536 949 1680 988 valeat.

347 1002 614 1052 Quamobrem
643 1013 665 1040 a
693 1001 863 1040 Platone
895 1002 1207 1053 prudentissime
1241 1004 1299 1042 -ibi
1338 1004 1573 1053 adhibetur,
1611 1004 1680 1042 ubi

286 1072 290 1078 ·
348 1070 449 1112 quae
476 1058 645 1097 ridicula
673 1060 767 1096 sunt
797 1056 848 1096 de
868 1054 1070 1109 Sophistis
1111 1057 1307 1107 dicuntur,
1336 1060 1457 1097 vetuti
1487 1071 1578 1098 esse
1608 1070 1680 1098 eos

345 1118 624 1153 venatores
659 1112 874 1164 quosdam3
912 1113 1208 1163 disciplinarum
1243 1114 1466 1165 artiumque
1496 1126 1682 1166 caupo—

345 1181 459 1217 nes,
496 1173 539 1208 et
564 1170 673 1208 artis
713 1168 912 1207 oratoriae
940 1168 1196 1216 athleta83
1239 1170 1379 1220 quodsi
1408 1181 1503 1208 vero
1532 1169 1682 1221 aliquid

346 1225 441 1265 serii
471 1225 523 1264 de
551 1225 598 1264 iis
621 1223 888 1277 praedicatur,
917 1223 1042 1263 veluti
1072 1235 1163 1263 esse
1182 1223 1275 1263 illos
1304 1237 1541 1264 vanarum
1572 1226 1680 1277 opi-

344 1281 549 1320 nionum
580 1283 918 1332 purgatores,
947 1283 1029 1318 tam
1058 1280 1100 1319 id
1129 1291 1221 1319 casu
1250 1280 1398 1319 factum
1427 1281 1605 1329 videtur,
1635 1284 1681 1319 ut

343 1337 422 1387 ipsi
459 1335 708 1387 disputante·
745 1335 889 1376 iudicio
928 1344 1003 1374 suo
1040 1334 1234 1375 diffidant.
1309 1335 1511 1376 Socratica
1548 1341 1680 1375 autem

345 1391 569 1443 disputandi
612 1392 859 1431 cousuetudo
902 1391 969 1430 ubi
1004 1391 1194 1443 emergit,
1239 1391 1294 1431 ibi
1331 1396 1500 1444 repente
1547 1392 1681 1431 elucet

343 1448 491 1486 veritas
528 1448 838 1498 perveniturque
874 1447 992 1486 eitius
1031 1446 1079 1485 ad
1117 1458 1251 1487 earum
1289 1458 1425 1488 rerum
1452 1448 1679 1501 intelligen-

342 1503 457 1551 tlam,
488 1502 540 1542 de
568 1503 709 1555 quibus
738 1503 920 1555 quaestio
950 1503 1133 1544 Instituta
1160 1507 1236 1543 est.

454 1613 606 1654 Verum
636 1615 747 1654 inviti
774 1624 900 1666 paene
929 1614 979 1654 ad
1008 1612 1112 1654 aliud
1142 1617 1416 1666 argumentum
1436 1613 1677 1665 transgressi

342 1680 490 1719 sumus,
521 1682 636 1720 quam
666 1670 771 1721 quod
799 1671 1000 1709 illustrare
1032 1671 1283 1722 propositum
1307 1674 1404 1709 erat.
1466 1668 1677 1709 Videamus

339 1725 463 1775 igitur
503 1725 553 1764 de
591 1725 682 1764 libri
719 1730 967 1777 argumento.
1031 1726 1086 1765 Et
1125 1726 1191 1765 hic
1230 1725 1388 1777 quidem
1425 1730 1518 1763 ante
1549 1725 1679 1763 omnia

339 1781 510 1819 animum
540 1779 712 1820 advertit
740 1781 856 1832 longa
885 1781 952 1819 illa
983 1784 1024 1819 et
1052 1783 1214 1831 copiosa
1244 1782 1295 1820 de
1314 1780 1508 1832 Sophiste
1533 1779 1675 1831 dispu-

338 1836 458 1884 tatio,
502 1848 603 1887 qune
636 1848 826 1887 quorsum
863 1836 1064 1888 pertineat
1102 1840 1143 1875 et
1173 1836 1266 1887 quid
1295 1837 1370 1875 sibi
1397 1836 1516 1883 velit,
1553 1836 1676 1874 rehe—

338 1895 496 1930 menter
526 1891 747 1931 dubitatum
776 1896 854 1932 est.
915 1891 1083 1930 Praeter
1116 1892 1214 1931 alios
1244 1903 1382 1931 rursus
1409 1890 1674 1930 Socherus

336 1947 377 1985 in
409 1958 457 1985 ea
484 1946 638 1995 haesit,
669 1948 734 1998 qui
769 1959 856 1987 eam
887 1950 1068 1998 tanquam
1099 1959 1283 1986 ranarum
1310 1947 1551 1999 argutiarum
1581 1957 1675 1986 con-

336 2002 489 2053 geriem
527 2003 720 2054 quandam
749 2014 824 2055 pro
854 2004 1082 2042 certissimo
1112 2003 1252 2042 habuit
1279 2006 1532 2054 argumento,
1569 2001 1676 2041 unde

336 2057 570 2109 Sophintam
598 2069 676 2098 uon
706 2069 798 2098 esse
828 2071 850 2098 a
878 2057 1054 2097 Platonis
1083 2058 1240 2110 ingenio
1269 2058 1495 2109 profectum
1525 2068 1675 2108 cogno-

337 2126 452 2154 scere
482 2113 636 2154 liceret.
697 2114 812 2164 Quod
835 2122 950 2166 quam
969 2126 1063 2152 rere
1086 2114 1299 2153 iudicatum
1323 2114 1388 2161 sit,
1419 2118 1509 2152 mox
1528 2116 1674 2165 sponte

336 2170 556 2222 apparebit.
615 2170 692 2208 Est
721 2174 854 2208 autem
884 2169 931 2207 ad
960 2181 1047 2208 rem
1078 2169 1263 2208 subtilius
1283 2168 1568 2208 diiudicandum
1599 2179 1674 2206 ne-

335 2226 575 2273 cessarium,
625 2228 670 2263 ut
706 2224 800 2275 quid
838 2224 952 2263 Plato
990 2224 1158 2264 maxime
1192 2226 1232 2264 in
1269 2224 1350 2264 hoc
1385 2225 1488 2262 libro
1528 2224 1673 2276 egerit,

336 2284 594 2333 perspectum
631 2279 865 2320 habeamus.
934 2279 1049 2329 Quod
1080 2280 1114 2319 si
1144 2292 1191 2319 ex
1221 2292 1285 2320 me
1323 2280 1498 2331 ‹puter-is¹
1516 2279 1557 2318 in
1586 2279 1672 2329 qui-

334 2337 498 2375 busnam
527 2336 648 2375 rebus
677 2339 878 2382 cernatur,
909 2336 1045 2386 paucis
1077 2336 1324 2386 respondere
1353 2334 1502 2374 licebit.
1560 2332 1673 2373 Gou-

334 2393 461 2431 iunxit
494 2393 599 2431 enim
642 2390 907 2443 philosophus
946 2403 1034 2430 cum
1082 2391 1239 2429 difficili
1279 2390 1349 2430 illa
1394 2393 1437 2429 et
1482 2389 1673 2440 impedita

334 2448 568 2498 quaestione
609 2446 659 2485 de
699 2448 874 2486 essentia
912 2446 1116 2498 cogitabili
1143 2447 1308 2499 eiusque
1333 2445 1554 2484 rationibus
1584 2446 1670 2483 eius

333 2502 412 2541 loci
439 2502 830 2554 pez-vestigationem,
862 2502 927 2552 qui
958 2507 1000 2542 et
1023 2502 1113 2552 ipse
1131 2503 1181 2541 ad
1202 2513 1357 2540 omnem
1377 2499 1675 2551 philosophiam

335 2562 399 2597 est
439 2559 557 2610 longe
595 2558 870 2609 gravissimus,
909 2557 986 2595 hoc
1024 2562 1087 2595 est
1122 2556 1313 2608 quaesivit
1352 2557 1404 2595 de
1437 2554 1590 2595 fraudis
1628 2559 1672 2593 et

335 2614 484 2652 erroris
525 2614 563 2652 in
607 2613 808 2652 bominum
846 2613 1003 2651 iudiciis
1032 2623 1077 2650 ac
1107 2611 1356 2651 sermonibus
1396 2621 1512 2651 eausa
1547 2613 1673 2662 atque*

337 2669 463 2711 fonte.
521 2669 745 2719 Utrumque
784 2669 888 2708 enim
926 2668 1086 2710 videbat
1114 2667 1168 2708 ita
1195 2668 1301 2708 inter
1330 2680 1375 2708 se
1404 2670 1669 2716 este—cogua—

1717 2728 1719 2730 ·
1745 2716 1748 2753 Ξ
