1716 2970
197 154 250 196 18
718 155 1093 192 PROLEGOMENA.

194 267 290 311 sint;
313 266 512 319 alioquin
502 267 549 306 iis
570 266 688 306 tribui
706 266 870 332 aliquid,
892 268 995 319 quod
1017 267 1096 307 ab
1086 268 1134 307 iis
1154 268 1321 308 alienum
1342 269 1403 308 sit.
1453 269 1505 309 Ea
1525 270 1601 320 igi-

194 328 259 361 tur
280 333 357 361 non
379 333 495 374 posse
517 323 590 362 nisi
610 323 826 367 nominari3
847 322 1141 374 explicationem
1162 329 1289 363 autem
1312 325 1351 363 iu
1372 325 1601 375 compositis

194 377 350 418 demum
372 377 490 417 rebus
510 389 623 417 suum
644 377 790 417 habere
810 377 950 417 locum.
983 378 1116 430 ltaque
1137 378 1329 419 elementa
1350 390 1482 419 rerum
1502 378 1601 419 solis

194 432 372 473 sensibus
393 434 561 485 percipi:
584 445 630 471 ex
652 433 698 471 iis
716 445 808 472 vero
829 446 927 485 quae
949 434 1113 473 conflata
1134 436 1227 479 sint,
1259 446 1301 474 ea
1332 435 1536 474 admittere
1556 441 1599 475 et

193 499 323 528 veram
343 489 564 540 opinionem
588 493 626 527 et
646 489 906 539 cognitionem
925 495 962 528 et
976 488 1236 529 definitionem
1251 490 1323 529 i.e.
1339 490 1538 529 scientiam
1553 489 1600 542 ¹).

307 543 431 583 Unum
466 555 558 582 vero
585 543 625 582 in
655 543 726 582 bac
754 543 1054 595 philosophandi
1081 545 1232 586 ratione
1258 544 1453 596 displicet,
1490 545 1596 596 quod

190 611 324 639 rerum
345 600 534 651 principia
556 600 739 648 cognosci
761 611 839 638 non
861 610 994 649 posse,
1017 610 1116 651 quae
1133 611 1223 639 vero
1245 613 1291 640 ex
1312 601 1359 639 iis
1378 601 1599 650 composita

191 654 267 693 sint
302 656 484 704 cognosci
518 665 632 705 posse
665 654 859 693 dicuntur.
907 653 1017 699 Quod
1053 665 1130 705 quo
1163 656 1286 706 magis
1320 656 1592 707 perspiciatur,

190 709 334 749 iuvabit
363 708 547 748 vocabula
569 720 783 761 eorumque
804 708 995 749 elementa
1016 710 1039 749 i.
1063 722 1098 749 e.
1121 709 1267 750 litteras
1287 711 1536 750 considerare
1546 709 1590 761 ²).

189 765 342 804 Etenim
364 764 509 817 syllaba
530 776 706 816 quaeque
726 764 883 810 litteris,
913 777 959 804 ex
981 764 1120 816 quibus
1147 771 1315 811 constat,
1345 767 1595 817 cognoscitur

191 826 228 860 et
248 821 447 866 definitur,
470 819 621 859 litterae
641 831 733 859 vero
753 820 860 871 ipsae
887 821 1153 871 percipiuntur
1173 821 1351 872 quidem.
1380 821 1448 861 sed
1469 821 1596 873 expli·

190 877 381 916 cationem
402 887 481 915 non
502 875 708 914 admittunt
727 887 873 927 neque,
901 887 988 915 cum
1017 887 1151 915 vocem
1181 881 1328 915 tantum
1358 875 1526 916 habeant
1552 883 1594 915 et

189 943 347 976 sonum,
378 936 507 970 mente
534 936 837 980 cognoscuntur.
885 931 1013 977 Quare
1045 930 1190 983 syllaba
1219 933 1251 970 si
1278 932 1373 971 nibil
1402 938 1459 971 est
1486 931 1595 971 atiud,

189 988 264 1026 nisi
297 998 446 1026 summa
482 985 784 1031 elementorum,
820 997 1064 1038 consequens
1091 993 1169 1032 est,
1206 992 1247 1026 ut
1282 988 1425 1026 sciatur
1455 999 1592 1027 earum

185 1043 352 1094 partium
374 1053 542 1087 summa,
565 1053 665 1091 quae
685 1041 858 1091 singulae
879 1047 1008 1093 partes
1028 1043 1254 1081 nesciuntur
1263 1040 1306 1093 3).

297 1098 365 1137 Sin
387 1104 514 1136 autem
543 1096 728 1148 syllabam
757 1098 951 1148 putaveris
980 1109 1065 1136 esse
1093 1097 1308 1147 simplicem
1332 1097 1527 1149 quandam
1548 1104 1588 1137 et

187 1165 303 1193 unam
325 1153 508 1197 sormam,
530 1164 629 1203 quae
649 1165 671 1191 e
691 1153 964 1192 coniunctione
994 1152 1275 1192 elementorum
1296 1158 1496 1197 nascatur,
1519 1152 1587 1191 sed

184 1208 263 1248 ab
253 1210 300 1248 tis
320 1210 370 1247 sit
390 1208 558 1252 diversa,
589 1207 791 1272 apparebit
822 1213 950 1259 partes
977 1208 1060 1247 eius
1081 1219 1165 1247 esse
1186 1219 1264 1247 non
1292 1220 1420 1260 posse
1471 1207 1592 1246 Cuius

186 1266 289 1304 enim
310 1269 398 1303 sunt
419 1269 570 1314 partes,
590 1268 712 1302 totum
737 1258 870 1313 (ὅλον)
900 1275 986 1302 esse
1015 1274 1174 1302 necesse
1201 1268 1259 1302 est
1279 1275 1414 1302 omnes
1443 1268 1585 1314 partes.

185 1319 261 1359 Sed
281 1319 446 1358 fortasse
466 1323 612 1363 totum,
634 1329 870 1368 quamquam
892 1330 913 1356 e
933 1317 1109 1368 partibus
1129 1324 1299 1362 constat,
1322 1330 1440 1357 unum
1462 1318 1588 1370 quod·

184 1375 271 1414 dam
293 1380 352 1413 est
373 1374 566 1413 diversum
588 1385 609 1412 a
630 1372 816 1423 partibus.
849 1372 959 1418 Quod
981 1374 1014 1412 si
1032 1374 1223 1419 statuitur,
1241 1373 1507 1424 quaerendum
1528 1379 1589 1413 est

182 1442 276 1469 num
299 1435 420 1469 totum
443 1435 480 1468 et
501 1439 617 1468 omne
639 1427 754 1478 (πᾶν)
779 1430 880 1467 inter
901 1440 941 1467 se
960 1427 1191 1479 differant⁴).
1241 1428 1320 1468 lam
1342 1441 1432 1468 vero
1453 1426 1589 1468 omnia

182 1491 220 1525 et
240 1497 355 1524 omne
375 1485 477 1524 idem
498 1489 601 1523 sunt.
639 1483 790 1534 Ubique
812 1484 914 1523 enim
935 1484 1062 1523 omnis
1081 1483 1242 1524 alicuius
1262 1485 1321 1523 rei
1342 1495 1527 1523 numerus
1547 1490 1586 1523 et

182 1553 245 1580 res
272 1542 353 1591 ipsa
380 1540 483 1580 idem
510 1539 747 1590 significant,
781 1538 895 1578 veluti
925 1540 1136 1579 exercitum
1166 1540 1361 1579 exercitus
1397 1550 1589 1579 numerus

182 1596 311 1636 efficit.
361 1595 556 1635 Numerus
577 1599 705 1634 autem
727 1595 785 1634 rei
806 1595 994 1646 cuiusque
1020 1594 1116 1634 nihil
1144 1594 1246 1634 aliud
1269 1600 1327 1634 est
1356 1595 1427 1633 nisi
1447 1605 1584 1634 omnes

182 1652 265 1691 eius
286 1657 435 1702 partes;
466 1662 602 1689 omnes
623 1655 753 1701 partes
781 1661 874 1689 vero
894 1655 984 1689 sunt
1004 1661 1131 1689 omne.
1181 1650 1320 1689 Totum
1341 1650 1460 1701 igitur
1481 1655 1584 1689 esset

181 1719 315 1751 omne,
338 1707 369 1745 si
391 1706 564 1757 partibus
586 1709 793 1745 constaret.
843 1706 1019 1745 Attamen
1047 1707 1079 1744 si
1099 1717 1215 1744 omne
1237 1711 1295 1744 est
1315 1707 1377 1744 cui
1399 1704 1493 1744 nihil
1515 1704 1582 1744 de—

182 1768 260 1807 est,
290 1767 411 1801 totum
438 1774 524 1801 esse
552 1761 653 1800 idem
680 1765 861 1812 apparet;
896 1761 959 1799 cui
986 1761 1089 1799 enim
1117 1759 1260 1812 aliquid
1290 1760 1415 1805 deest,
1453 1771 1582 1811 neque

178 1823 302 1857 totum
331 1829 456 1869 neque
484 1828 599 1856 omne
626 1821 694 1856 est.
743 1815 883 1855 Totum
910 1816 1050 1866 igitur,
1088 1820 1130 1854 ut
1157 1827 1291 1860 omne,
1328 1826 1462 1855 omnes
1491 1821 1582 1854 sunt

178 1879 319 1924 partes.
353 1872 615 1919 Quamobrem
636 1870 780 1923 syllaba
800 1871 831 1910 si
847 1871 950 1911 idem
972 1877 1031 1910 est
1049 1877 1163 1922 atque
1181 1882 1317 1911 vocum
1338 1869 1582 1922 singularum

178 1940 349 1973 summa,
373 1940 494 1979 aeque
515 1928 697 1979 cognosci
717 1931 847 1978 potest
857 1924 899 1976 ⁵).

290 1983 399 2030 Quod
422 1995 470 2022 ne
489 1984 573 2028 fiat,
594 1981 825 2022 sumendum
847 1981 920 2021 erit
947 1981 1116 2033 syllabae
1136 1993 1215 2021 non
1236 1993 1320 2022 esse
1340 1987 1489 2033 partes,
1511 1982 1579 2021 sed

177 2040 335 2079 omnino
357 2050 472 2078 unam
489 2051 574 2078 esse
595 2050 678 2078 eam
700 2049 746 2077 ac
765 2037 980 2089 simplicem
1002 2037 1179 2077 formam.
1229 2037 1308 2076 Iam
1337 2047 1428 2076 vero
1454 2036 1486 2075 si
1514 2048 1580 2076 res

176 2095 227 2134 ita
247 2107 289 2133 se
309 2094 444 2139 habet,
474 2095 514 2133 in
534 2093 718 2146 syllabam
747 2092 850 2132 idem
872 2092 991 2138 cadit,
1014 2092 1117 2143 quod
1145 2093 1186 2131 in
1206 2091 1407 2131 elementa.
1445 2090 1580 2131 Potest

176 2150 300 2195 enim,
322 2150 411 2201 quia
432 2155 490 2189 est
508 2149 671 2200 simplex
700 2154 817 2200 atque
836 2148 1073 2187 individuum
1094 2146 1310 2199 quoddam,
1334 2159 1405 2186 nec
1426 2146 1580 2186 definiri

175 2216 249 2243 nec
269 2204 412 2254 sciri6).

286 2259 405 2299 Aliter
441 2260 581 2299 sentiet
608 2260 675 2309 qui
702 2259 941 2304 meminerit,
972 2257 1167 2310 quomodo
1203 2257 1327 2308 prima
1360 2257 1580 2297 litterarum

175 2314 366 2354 elementa
388 2314 576 2354 didicerit.
620 2315 662 2354 In
684 2316 791 2354 omni
812 2315 915 2354 enim
936 2319 1020 2354 arte
1040 2314 1209 2365 primum
1231 2311 1421 2353 elementa
1443 2323 1576 2352 rerum

175 2370 393 2414 traduntur,
417 2370 556 2409 deinde
580 2382 622 2409 ea
644 2382 745 2422 quae
766 2382 813 2409 ex
834 2370 879 2410 iis
900 2370 1112 2421 composita
1133 2373 1235 2414 sunt,
1257 2374 1373 2419 atque
1393 2380 1469 2419 quo
1490 2368 1581 2418 quis

174 2425 380 2465 clariorem
403 2425 520 2464 babet
541 2424 823 2465 elementorum
852 2425 1133 2476 cognitionem.
1163 2435 1210 2463 eo
1230 2423 1442 2476 perfectius
1461 2422 1575 2462 disci·

174 2479 320 2533 plinam
342 2492 533 2532 quamque
555 2481 720 2532 percipit
730 2478 775 2531 ⁷).

286 2536 361 2576 Sed
383 2535 586 2575 redeamus
606 2535 653 2574 ad
674 2535 731 2579 id,
763 2535 867 2586 quod
886 2536 1130 2587 propositum
1156 2539 1232 2578 est,
1264 2534 1462 2573 scientiam
1491 2544 1578 2572 esse

173 2602 303 2631 veram
325 2591 547 2642 opinionem
567 2585 675 2642 μετὰ
697 2587 846 2641 λόγου.
898 2591 974 2630 lam
997 2590 1092 2630 baec
1112 2602 1185 2630 vox
1205 2589 1347 2641 triplici
1375 2589 1490 2628 modo
1510 2600 1578 2628 ac—

264 2735 296 2773 1)
323 2746 355 2777 p.
380 2733 658 2768 2010—202D.
772 2733 807 2773 2)
834 2744 864 2767 e.
889 2733 1276 2810 Χ]ωι’,1)ῑ.)ἓἶ
1289 2731 1444 2766 20212—
1451 2731 1572 2765 2031).

170 2778 207 2865 ἶ).
231 2778 433 2857 ἓὸὲᾇ-ᾉΒ.
457 2778 490 2819 a)
515 2789 551 2821 p.
576 2778 849 2811 20313-20513.
947 2778 982 2819 6)
1007 2789 1041 2820 p
1068 2735 1225 2811 20503-
1374 2775 1408 2817 7)
1433 2786 1464 2811 e.
1488 2774 1575 2808 xm
