1748 2944
194 99 246 140 78
750 99 956 133 ΠΛΑΤΩΝ
959 98 1023 133 ΟΣ

109 230 173 261 153
191 211 371 275 σῴζεται
388 214 460 259 καὶ
484 218 679 271 γίγνεται
703 217 904 270 βελτίων,
927 209 1014 258 ὑπὸ
1038 211 1079 258 δ’
1107 210 1292 271 ἡσυχίας
1310 209 1592 271 άμελετησίας

146 294 174 326 O
190 298 238 326 τε
261 281 335 326 καὶ
357 278 552 338 ἀμαθίας
574 277 708 337 οὔσης
730 277 831 325 οὔτε
853 299 894 325 τι
917 278 1137 337 μανθάνει
1160 278 1188 324 ἅ
1210 298 1257 325 τε
1280 275 1336 324 ἂν
1357 278 1480 339 μάθῃ
1505 282 1593 325 ἐπι-

190 345 477 402 λανθάνεταις

290 419 447 459 ΘΕΑΙ.
495 414 584 459 Καὶ
607 411 733 470 μάλα.

289 486 389 526 ΣΩ.
444 478 501 525 Τὸ
531 479 611 537 μὲν
643 476 727 535 ἄρα
758 475 931 535 ἀγαθὸν
953 483 1123 541 πίνησις
1148 477 1257 524 κατά
1279 496 1326 523 τε
1349 476 1496 536 ψυχὴν
1519 478 1592 523 καὶ
1607 494 1625 521 5

188 546 298 591 κατὰ
321 550 468 604 σῶμα,
494 544 542 590 τό
568 545 618 590 δὲ
641 542 923 600 τούναντίον;

291 618 448 658 ΘΕΛΙ.
483 610 667 658 ”Εοικεν.

290 685 388 724 ΣΩ.
427 679 522 724 ’Έτι
556 672 638 723 οὖν
661 691 729 724 σοι
761 679 873 735 λέγω
897 682 1105 735 νηνεμίας
1128 696 1175 723 τε
1197 679 1271 723 καὶ
1302 676 1495 734 γαλήνας
1518 677 1592 721 καὶ

187 743 269 790 ὅσα
292 750 495 801 τοιαῦτα,
526 743 592 790 ὅτι
624 747 673 789 αἰ
702 745 783 802 μὲν
813 741 991 802 ἡσυχίαι
1014 744 1204 800 σήπουσι
1228 747 1301 790 καὶ
1332 742 1591 800 ἀπολλύασι,

188 809 240 856 τὰ
266 809 307 856 δ’
336 813 461 868 ἕτερα
480 811 627 871 agogen
652 813 725 855 καὶ
745 813 816 856 ἐπὶ
834 810 1003 864 τούτοις
1020 810 1097 856 τὸν
1114 813 1346 868 κολοφῶνα
1364 808 1591 868 ἀναγκάζω
1610 829 1642 855 ιο

188 876 494 935 προσβιβάζων
534 876 615 934 τὴν
646 880 815 935 χρυσῆν
855 893 1007 935 σειραν
1047 897 1105 930 ως
1145 876 1278 923 οὐδὲν
1317 874 1423 922 ἄλλο
1453 874 1481 934 ἢ
1515 874 1593 921 τὸν

141 950 174 982 D
189 941 315 1001 ἥλιον
326 942 511 1002 Ομηρος
536 945 676 1001 λέγει,
706 945 779 989 καὶ
804 941 975 1001 &nl-03⁵
951 962 1015 989 οτι
1038 946 1118 997 ἕως
1141 963 1224 1001 μεν
1246 963 1301 989 αν
1324 942 1351 1001 ἡ
1374 961 1592 1001 περιφορα

189 1003 218 1069 ᾖ
242 1012 479 1068 κινουμένη
511 1013 584 1055 καὶ
615 1009 638 1055 ὁ
663 1009 807 1067 ἥλιος,
840 1009 982 1056 πάντα
1014 1015 1107 1055 ἔστι
1138 1012 1211 1055 καὶ
1247 1008 1427 1070 σώζεται
1457 1007 1511 1054 τὰ
1544 1011 1592 1054 ἐν

189 1084 313 1130 θεοῖς
343 1095 390 1122 τε
413 1078 486 1121 καὶ
519 1073 791 1135 ἆνθρωποις·
829 1081 868 1122 εἰ
891 1077 941 1122 δὲ
965 1082 1093 1134 σταίη
1115 1079 1242 1123 τοῦτο
1267 1091 1415 1133 ωσπερ
1440 1078 1590 1132 δεθέν,

189 1142 333 1188 πάντα
356 1140 540 1201 χρήματ’
561 1163 618 1188 αν
642 1147 913 1201 διαφθαρείη
937 1145 1010 1188 καὶ
1032 1139 1241 1200 γένοιτ”“
1214 1163 1271 1188 αν
1287 1142 1337 1189 τὸ
1355 1141 1592 1200 λεγόμενον
1611 1161 1643 1188 15

189 1207 282 1256 ἅνω
306 1209 422 1255 κάτω
445 1208 610 1265 πάντας
1289 1226 1294 1234 ’

279 1330 298 1361 5
322 1337 470 1370 κινησις
494 1328 564 1363 del.
585 1329 692 1361 Hseh.
711 1327 892 1361 Phi1ol.x
915 1338 949 1370 p.
970 1329 1046 1363 187.
1137 1330 1158 1360 9
1182 1323 1225 1360 αἱ
1245 1322 1360 1370 μὲν“
1339 1337 1435 1370 ησυχ
1438 1326 1496 1360 ίαι
1520 1326 1591 1359 del.

189 1373 295 1405 Hsch.
395 1375 434 1405 11
460 1369 719 1424 προσβιβάζων
739 1373 828 1413 Has.
852 1383 870 1405 e
897 1372 996 1405 Stob.
1014 1372 1038 1406 1.
1059 1372 1084 1406 1.
1093 1373 1188 1414 ,qui
1210 1372 1322 1404 habet
1335 1339 1589 1422 προβιβάζων,

190 1420 227 1449 et
245 1417 356 1450 schol.
365 1412 627 1460 ,προβιβάζων
645 1416 776 1452 uam
795 1416 860 1458 (11⁸
875 1397 1165 1460 προσβιβάζων),
1182 1410 1418 1459 προσβιάζων
1434 1424 1465 1451 ς.

188 1516 421 1559 participium
444 1516 684 1548 masculinum
707 1516 746 1548 in
776 1516 857 1558 plu·
972 1510 1086 1548 1οτὁν
1100 1513 1301 1557 κολοφῶνα
1312 1509 1592 1557 προσβιβάζειν,

188 1561 258 1593 rali
273 1570 421 1592 numero
443 1560 675 1592 coniunctum
699 1571 778 1592 cum
795 1571 857 1593 no·
926 1571 991 1602 pro
1023 1570 1094 1602 quo
1111 1559 1334 1648 {plerumque
1358 1559 1491 1591 dieitur
1513 1553 1593 1591 ἐπι-

188 1605 285 1637 mino
311 1605 486 1637 feminino
510 1605 565 1636 ita
587 1605 787 1644 excusavit,
815 1607 857 1636 ut
925 1600 1094 1646 τιθέναι,
1129 1614 1268 1646 παγειν
1280 1614 1331 1636 τω
1348 1599 1594 1645 λόγφῌὶιιὶιιι-

186 1649 247 1682 vel
292 1648 392 1681 aliud
442 1648 678 1681 masculinum
728 1659 858 1681 nomen
925 1649 1009 1681 ken.
1047 1648 1144 1690 apud
1181 1637 1319 1680 Heusd.
1352 1657 1448 1690 spec
1482 1658 1516 1689 p.
1549 1648 1594 1680 33

187 1694 308 1726 animo
322 1693 512 1735 scriptoris
527 1693 758 1725 obversatum
776 1703 856 1726 esse
924 1693 995 1734 Wy
998 1692 1183 1725 ttenbaeh.
1205 1692 1251 1724 ad
1272 1692 1369 1724 Plut.
1399 1691 1442 1723 de
1464 1701 1532 1724 ser.
1556 1701 1593 1723 n.

188 1737 289 1770 dieat
317 1737 377 1769 vol
408 1737 600 1780 pluralem,
631 1738 763 1780 quippe
794 1747 857 1769 na·
924 1748 959 1770 v.
978 1748 1012 1779 p.
1031 1736 1151 1778 549D)
1175 1736 1219 1769 de
1235 1746 1279 1769 eo
1294 1738 1507 1778 usurpatur,
1531 1737 1594 1777 qui

189 1785 271 1814 tura
288 1791 355 1814 sua
375 1781 582 1823 plerumque
605 1782 719 1823 magis
742 1781 856 1813 infini-
924 1792 998 1814 rem
1016 1782 1062 1814 ad
1079 1781 1186 1813 finem
1206 1783 1243 1813 et
1259 1782 1394 1813 exitum
1412 1779 1592 1822 perducit.

187 1829 280 1865 tum,
298 1826 448 1868 potioris
464 1826 610 1868 generis
631 1826 856 1859 notationem
922 1826 1044 1859 Aliam
1070 1826 1177 1859 huius
1203 1825 1394 1867 adagionis
1417 1825 1594 1867 originem

187 1870 334 1903 habere.
358 1870 453 1902 Huic
466 1871 624 1903 accessit
636 1870 855 1910 Lobeckius,
924 1874 1050 1903 narrat
1063 1869 1174 1904 schol.
1189 1869 1235 1901 ad
1247 1870 1282 1902 h.
1295 1870 1331 1907 1.,
1346 1870 1457 1902 aliam
1471 1869 1591 1905 Strab.

188 1915 250 1957 qui
273 1914 449 1957 Aglaoph.
474 1915 539 1946 216
562 1924 616 1956 sq.
641 1918 677 1947 et
699 1915 854 1957 paralip.
924 1915 1007 1947 XIV
1026 1917 1060 1952 1.
1077 1916 1132 1947 28.
1157 1914 1215 1948 cf.
1230 1913 1404 1948 Leutsoh.
1419 1913 1468 1945 ad
1483 1912 1592 1955 Greg.

187 1970 222 2002 p.
242 1960 307 1991 550
323 1968 376 2000 sq.
401 1959 675 2001 participiorum
697 1969 767 1991 non
784 1969 855 1991 mo-
925 1960 1037 2010 Cypr.
1053 1959 1090 1991 11
1106 1959 1161 1994 86

185 2007 304 2035 torum
349 2003 516 2045 exempla
562 2013 581 2036 e
620 2003 856 2045 scriptoribus
969 1998 1185 2047 (ἀναγκάζω
1206 2001 1428 2055 probandi
1450 2001 1484 2034 h.
1507 2000 1530 2033 1.
1554 2003 1592 2033 et

187 2048 428 2090 posteriorum
496 2051 696 2090 temporum
763 2048 854 2080 satis
923 2048 1164 2080 evincendi
1179 2048 1253 2079 vim
1269 2046 1393 2084 habet,
1411 2049 1452 2077 ut
1469 2054 1591 2094 saepe.

187 2092 303 2124 multa
341 2092 538 2134 congessit.
587 2091 645 2124 cf.
677 2093 852 2134 Krueger.
923 2092 984 2124 Sic
1001 2102 1033 2134 p.
1053 2092 1152 2124 19613
1169 2086 1288 2133 τούτῳ
1305 2085 1406 2133 αυτῷ
1423 2083 1593 2174 ἦναέιιά·

187 2136 206 2175 9
223 2137 284 2177 68,
305 2137 342 2186 1,
361 2138 392 2168 3.
923 2136 1035 2178 ζομεν
1065 2132 1116 2178 μὴ
1150 2130 1251 2168 εἶναι
1266 2123 1411 2176 ψευδῆ
1443 2132 1489 2166 δο
1515 2135 1591 2165 αν’

234 2181 251 2212 1
286 2179 441 2225 σῳζεται
484 2182 676 2220 ‘‚servat
714 2181 1201 2213 tonet.H131nnou·1us.

186 2223 278 2256 Nam
306 2214 494 2265 σῴζεσθαι
520 2225 706 2266 proprium
730 2227 786 2256 est
809 2223 853 2255 de
969 2226 1008 2256 11
1028 2235 1099 2267 την
1121 2222 1263 2267 χρυσῆν
1280 2216 1425 2263 σειράν,
1452 2221 1496 2255 de
1520 2231 1592 2263 qua

187 2268 362 2301 memoria
399 2268 629 2319 vocqbulum..
671 2268 712 2301 P.
746 2268 854 2301 1631)
922 2278 955 2301 v.
975 2268 1019 2301 11.
1036 2268 1125 2300 VIII
1142 2269 1183 2301 17
1201 2277 1270 2317 sq.

188 2309 245 2346 ἔτι
262 2309 396 2363 ἔχοντα
412 2307 565 2355 μνήμην
582 2305 703 2345 αντοῦ
719 2322 855 2345 τουτον
970 2315 1039 2345 12‘
1044 2307 1067 2355 ἡ
1080 2305 1270 2354 περιφορά
1281 2311 1317 2343 h.
1330 2310 1355 2342 l.
1374 2316 1431 2344 est
1448 2319 1591 2342 rerum

187 2355 254 2391 καὶ
285 2351 523 2400 σφζόμενον.’
578 2357 855 2389 Ηιιιιιοοιιιιοε.
923 2357 1221 2395 universitas,
1259 2366 1370 2398 quae
1401 2356 1589 2387 circum-

232 2403 254 2435 5
274 2401 421 2444 κίνησις
444 2401 718 2454 perspicuitatis
745 2411 857 2434 eausa
923 2402 1139 2451 vertitur,
1168 2404 1209 2433 ut
1240 2400 1284 2432 de
1317 2410 1393 2448 rep.
1426 2398 1458 2431 X
1490 2398 1590 2430 6160

179 2445 352 2499 'additum
369 2450 452 2488 post
468 2441 508 2478 τὸ
510 2443 855 2498 aas'v.Cf.p.172D
925 2442 1026 2479 εἶναι
1063 2440 1160 2497 γὰρ
1166 2444 1277 2479 τοῦτο
1314 2454 1355 2477 το
1387 2442 1469 2485 φῶς
1502 2438 1590 2494 ξύν-

179 2482 247 2524 Ηι
267 2492 347 2528 τοῖς
367 2486 436 2533 μὲν
459 2489 590 2540 τοῦτο,
620 2482 642 2522 ὃ
669 2499 716 2523 συ
739 2485 856 2531 εἶπες,
925 2489 1065 2542 δεσμου
1095 2488 1163 2523 τοῦ
1199 2483 1382 2538 οὐρανοῦ,
1421 2484 1507 2521 οἷον
1544 2499 1591 2520 τα

187 2528 251 2569 ἀεὶ
265 2530 421 2578 πάρεστι
437 2528 566 2577 σχολή.
595 2533 857 2567 Stallbaumius
924 2530 1151 2577 ὑποζώματα
1185 2544 1258 2567 των
1287 2529 1462 2583 τριήρων,
1492 2542 1590 2565 ουτω

188 2579 236 2612 ad
252 2580 362 2622 Gorg.
380 2580 494 2613 ⁶01A.
923 2578 1051 2612 πᾶσαν
1074 2575 1233 2621 ξυνέχον
1256 2573 1326 2619 τὴν
1348 2570 1590 2620 περιφοράν)

233 2625 255 2657 8
270 2623 455 2667 νηνεμίας
469 2632 510 2656 τε
525 2621 591 2656 καὶ
610 2617 778 2666 γαλήναις
796 2627 856 2655 ‘ex
923 2624 1201 2656 nemnem-ms.

188 2668 348 2701 Homero
391 2665 474 2711 (Od.
505 2668 537 2701 V
570 2669 634 2701 391
666 2668 738 2700 X11
776 2668 854 2709 168)
970 2669 1011 2700 16
1043 2678 1122 2700 ανω
1152 2663 1254 2700 κάτω
1284 2659 1420 2699 πάντα.
1471 2665 1590 2699 Schol.

189 2713 342 2755 sumpsit
363 2712 496 2746 Plato)
545 2712 585 2747 O.
609 2712 855 2755 Scaurorum,
923 2712 1136 2763 Παροιμίαι,
1153 2706 1232 2744 ἅνω
1247 2706 1350 2744 κάτω
1365 2721 1509 2761 παντα,
1528 2705 1591 2743 ἐπὶ

188 2757 292 2799 epist.
310 2757 356 2790 ad
374 2758 459 2790 Tur.
476 2767 511 2800 p.
530 2758 570 2790 14
586 2767 638 2799 sq.
923 2755 997 2790 τῶν
1021 2751 1092 2799 τήν
1115 2752 1224 2797 τάξιν
1244 2749 1590 2799 μεταστρεφόντων.
