1748 2950
312 133 367 171 8ss
770 129 1179 177 PROLEGOMENA

317 253 473 293 qroque
514 241 618 292 apud
655 240 1058 293 Xenophontem
1095 242 1316 282 Memorat).
1355 242 1383 280 l.
1419 242 1470 290 6,
1511 241 1566 279 12
1603 247 1647 282 et

316 297 383 337 1¹.
412 297 612 349 sophistas
651 298 835 336 similiter
872 303 1054 349 tanquam
1100 299 1317 350 sapientiae
1349 309 1546 348 caupones
1574 309 1645 336 no·

315 354 433 402 tavit;
463 366 592 403 neque
622 353 812 392 abludunt
843 366 944 404 quae
973 355 1094 393 habet
1122 353 1451 393 Aristoteles
1483 352 1541 391 De
1571 351 1646 391 So-

316 409 930 474 phistar.1⁴]10nch.l.o.&on
959 424 1040 474 7cco
1073 405 1098 459 ἡ
1129 405 1365 473 σοφιστικὴ
1398 409 1646 471 φαινομένη

317 478 421 531 σοφ
422 470 475 512 ’,α
513 477 625 504 ουσα
666 463 712 504 δὲ
753 459 827 512 οὕ,
868 465 940 504 καὶ
972 461 994 505 ὁ
1028 460 1239 530 σοφιστὴς
1250 476 1648 529 χρηματιστης

316 515 403 560 ἀπὸ
444 521 717 576 φαινομένης
747 520 932 574 σοφίας,
972 517 1065 559 skal)
1102 517 1181 560 οὐκ
1212 516 1356 570 οὔσης.
1414 519 1503 557 nuc
1533 531 1647 556 acce-

317 576 376 616 dit
410 576 601 627 denique,
641 576 747 627 quod
786 575 923 614 eadem
965 588 1085 628 opera
1121 577 1295 614 sumiter
1323 574 1495 625 explosit
1525 575 1647 612 diale-

318 633 410 672 (tici
446 633 634 671 acuminis
674 633 838 670 abusum
870 645 1027 680 eornm,
1073 632 1139 682 qui
1170 644 1287 682 quum
1316 632 1392 670 sibi
1420 630 1649 668 siderentur

317 693 404 727 arte
432 688 656 727 disserendi
695 693 857 741 praeter
887 694 1047 728 ceteros
1077 687 1299 735 excellere,
1338 691 1467 725 tamen
1497 685 1647 736 argutis

318 744 576 783 divisionibus
607 748 649 782 et
677 745 1086 794 argumentationibus
1129 745 1268 783 mirum
1299 746 1485 794 quantum
1514 741 1646 780 indul-

317 800 488 850 gebant,
517 803 563 839 ιιι
592 799 640 838 ad
671 801 853 839 notiones
888 814 1022 839 rerum
1059 805 1172 839 recte
1204 799 1457 839 illustrandas
1500 809 1644 850 saepe-

317 867 480 893 numero
510 867 647 906 parum
678 855 932 906 proficerent.
989 855 1159 895 'Pontum
1191 857 1304 894 abest
1333 856 1456 903 enim,
1487 860 1531 893 ut
1560 867 1648 894 cnm

317 911 416 951 Viro
447 912 609 962 egregio
647 910 773 949 Phil.
814 911 943 951 Guil.
984 924 1071 950 van
1111 911 1310 951 Ileusde
1349 911 1438 950 luit.
1467 911 1649 949 Philoso-

317 966 436 1016 phiae
475 966 630 1004 Platon.
670 965 759 1006 Vol.
798 965 842 1005 ll.
879 966 921 1006 P.
962 966 1007 1005 ll.
1048 981 1088 1018 p.
1131 968 1212 1005 104
1249 980 1335 1017 sqq.
1381 967 1648 1004 existimemus

317 1021 522 1059 Platonem
562 1022 600 1060 in
639 1020 831 1073 Sophiste
870 1026 912 1060 et
948 1021 1121 1061 Politico
1159 1022 1346 1060 cernendi
1384 1023 1649 1072 iungendique

316 1077 550 1115 methodum
566 1077 712 1115 illustri
743 1077 874 1127 aliquo
905 1078 1086 1129 exemplo
1118 1078 1347 1128 patefacere
1378 1083 1419 1116 et
1448 1090 1650 1115 commen-

318 1132 413 1170 dare
443 1132 639 1180 voluisse,
689 1137 733 1170 ut
769 1138 892 1171 totam
937 1134 1051 1172 istam
1092 1133 1238 1183 dialogi
1283 1138 1462 1185 partem,
1501 1134 1567 1171 ubi
1604 1145 1651 1170 ea

318 1188 494 1227 adhibita
536 1193 623 1235 est,
661 1191 825 1226 venusta
865 1189 1029 1238 quadam
1061 1193 1103 1226 et
1131 1188 1269 1227 callida
1297 1189 1482 1227 irrisione
1512 1187 1650 1238 perfu-

318 1256 399 1282 sam
433 1255 525 1281 esse
556 1244 669 1281 nobis
702 1245 1027 1295 persuaserimus.
1087 1244 1189 1282 Hinc
1219 1245 1339 1295 igitur
1369 1244 1481 1294 copia
1512 1244 1577 1281 illa
1609 1247 1651 1281 et

316 1298 529 1337 multitudo
559 1303 785 1348 argutarum
826 1300 1104 1350 partitionum,
1141 1312 1240 1350 quae
1270 1311 1432 1350 semper
1466 1304 1650 1349 tauquam

316 1354 552 1393 immutabili
593 1353 683 1404 lege
723 1355 824 1393 fiunt
864 1367 939 1405 per
973 1355 1401 1401 dichotomiam3,hinc
1430 1355 1553 1392 multa
1583 1354 1651 1392 illa

317 1411 460 1448 artium
492 1411 669 1456 nomina,
709 1422 808 1460 quae
839 1423 1017 1461 magnam
1047 1415 1158 1450 certe
1188 1415 1341 1461 partem
1371 1415 1559 1461 protervo
1589 1410 1650 1448 lu-

318 1466 445 1504 dibrio
475 1466 568 1504 ficta
597 1470 709 1512 suut3
739 1466 830 1503 liiuc
859 1467 1133 1505 vilissimarum
1151 1467 1472 1504 commemoratio
1491 1466 1650 1512 artium,

319 1521 634 1571 quandoquidem
665 1521 871 1559 dialectica
900 1522 976 1560 ista
1005 1522 1220 1570 severitas,
1259 1534 1373 1572 qnam
1405 1521 1566 1560 Eris-tici
1594 1522 1650 1559 ia-

318 1578 498 1624 ctabaut,
535 1589 612 1615 non
645 1578 922 1627 permittebat,
959 1582 1003 1616 ut
1043 1578 1083 1616 in
1111 1590 1245 1616 rerum
1276 1576 1521 1627 turpitudine
1550 1577 1652 1615 hae-

317 1637 477 1670 reretur
506 1628 560 1683 (v.
592 1644 629 1682 p.
661 1633 759 1672 227.
792 1628 882 1685 A.)';
926 1633 1019 1672 hinc
1049 1633 1219 1682 denique
1248 1633 1450 1682 quaesitae
1478 1634 1580 1670 istae
1609 1635 1651 1670 et

317 1687 435 1737 louge
476 1689 691 1725 arcessitae
728 1689 928 1738 argutiae,
976 1701 1071 1738 quas
1115 1688 1319 1726 Platonem
1356 1689 1463 1726 serio
1503 1700 1651 1738 propo-

319 1743 449 1780 suisse
481 1743 566 1792 quis
597 1744 672 1781 sibi
703 1743 972 1793 persuadeat‘!
1030 1745 1089 1782 En
1120 1744 1253 1793 igitur,
1284 1744 1406 1782 liabes
1437 1745 1527 1789 iam,
1559 1742 1651 1792 quid

319 1799 368 1835 de
399 1810 444 1835 ea
476 1803 589 1848 parte
621 1800 754 1849 operis
785 1800 1023 1845 sentiamus,
1064 1812 1138 1848 qua
1177 1800 1228 1837 de
1259 1799 1450 1850 Sopliista
1479 1799 1651 1848 anquiri-

318 1859 406 1900 tur3
437 1866 550 1903 quam
581 1854 614 1890 si
646 1854 731 1904 quis
762 1859 930 1905 propter
960 1854 1256 1905 amplitudinem
1285 1868 1393 1892 suam
1416 1854 1533 1904 louge
1560 1866 1651 1904 gra-

319 1910 517 1946 vissimam
557 1922 647 1947 esse
697 1910 917 1956 existimet,
964 1911 997 1947 is
1037 1910 1222 1961 profecto
1266 1910 1432 1948 multum
1479 1909 1652 1948 fallatur.

318 1964 418 2002 Nam
450 1965 654 2014 longitudo
693 1971 807 2002 certe
843 1966 947 2003 illius
986 1978 1064 2004 non
1108 1966 1229 2004 (lebet
1257 1978 1490 2015 quemquam
1521 1964 1652 2003 offen-

320 2021 438 2066 dere,
492 2020 806 2070 quandoquidem
845 2020 958 2059 Plato
989 2034 1062 2060 uec
1105 2022 1144 2059 in
1183 2021 1457 2072 Eutliydeino,
1503 2032 1578 2058 uec
1611 2020 1651 2058 iu

320 2075 498 2126 (hettylo,
529 2077 658 2113 necin
681 2076 766 2114 aliis
798 2077 1032 2126 quibusdam
1062 2077 1174 2115 libris
1206 2089 1352 2128 operae
1385 2076 1577 2127 pepercit,
1608 2079 1653 2113 ut

321 2132 595 2168 coacervandis
627 2132 791 2180 argutiis
821 2133 1067 2170 adversarios
1097 2133 1251 2171 rideret
1279 2132 1462 2170 similiter
1489 2135 1531 2169 et
1561 2143 1652 2168 exa-

321 2187 477 2235 gitaret.
538 2187 780 2236 Quamquam
811 2199 889 2225 non
920 2192 983 2225 est
1010 2188 1283 2235 inficiandum,
1314 2200 1363 2226 ne
1395 2187 1431 2225 in
1462 2186 1535 2224 hac
1565 2186 1648 2235 qui-

321 2241 409 2277 dem
449 2246 563 2290 parte
594 2243 728 2290 operis
761 2242 1003 2290 desiderari,
1044 2256 1143 2292 quae
1175 2243 1291 2293 plane
1322 2242 1486 2293 egregie
1514 2241 1651 2291 dispu-

320 2301 402 2333 tata
433 2297 523 2333 sint.
580 2296 792 2334 lenum-ero
826 2299 985 2335 miscuit
1015 2299 1278 2349 philosophus
1304 2298 1369 2336 hic
1398 2308 1555 2348 quoque
1585 2308 1652 2334 se-

320 2353 376 2388 ria
416 2352 536 2397 iocis,
572 2352 690 2402 idque
729 2365 777 2390 eo
817 2354 967 2391 rectius
1007 2354 1061 2390 ita
1091 2354 1224 2392 facere
1255 2355 1407 2404 potuit,
1447 2351 1551 2402 quod
1580 2363 1651 2389 eos

322 2408 452 2456 ipsos,
484 2419 652 2456 quorum
681 2413 816 2458 partes
846 2410 928 2459 agit
958 2408 1107 2460 hospes
1138 2410 1364 2456 mentiens,
1399 2408 1526 2446 leuius
1557 2418 1652 2445 cor-

319 2464 453 2512 rigere
482 2463 618 2501 voluit.

431 2519 645 2567 Sequitur,
684 2522 728 2556 ut
759 2518 808 2556 de
840 2519 1047 2570 principali
1087 2520 1221 2570 operis
1251 2522 1483 2568 argumento
1516 2518 1651 2568 paucis

320 2572 589 2623 explicandum
621 2575 688 2613 sit.
747 2574 879 2612 Habet
905 2577 1007 2613 enim
1036 2576 1114 2613 hoc
1143 2586 1300 2626 qnoque
1323 2574 1521 2620 nonnulla,
1551 2586 1652 2623 quae

318 2630 522 2679 requirant
561 2628 851 2679 diligentiorem
891 2630 1219 2686 explicationem²
1256 2642 1370 2681 quam
1400 2629 1440 2668 iu
1466 2629 1650 2679 superio-
