1716 2970
677 78 1056 114 PROLEGOMENA.
1534 76 1591 119 27

157 195 262 235 inter
283 205 442 234 sensum
464 199 502 233 et
526 205 632 238 rem,
661 203 761 245 quae
789 192 977 237 sentitur,
1007 191 1106 231 fiunt
1118 188 1160 242 ¹).
1211 190 1324 238 Quod
1351 192 1412 231 his
1442 191 1590 244 opponi

158 256 307 304 potest,
330 252 489 291 insanos
517 255 556 290 et
575 250 816 290 somniantes
837 260 918 287 non
938 253 1046 288 recte
1068 247 1275 300 percipere
1306 253 1396 287 ante
1418 259 1589 300 occupa-

158 305 276 358 tur2).
309 306 358 347 Ut
378 306 568 358 cuiusque
588 310 729 345 natura
751 310 828 350 est,
859 305 910 344 ita
931 303 1113 344 sensibus
1133 304 1324 356 percipit;
1348 305 1494 355 cuique
1514 305 1588 355 igi-

158 369 223 403 tur
245 363 428 415 quoniam
449 374 586 402 verum
615 361 798 413 estquod
827 361 961 407 sentit,
991 361 1119 400 omnis
1147 372 1262 400 error
1290 359 1440 400 tollitur
1470 365 1587 412 atque

157 432 261 473 quae
281 419 504 460 sentiuntur
526 415 755 469 sciuntur3).

271 475 481 527 Postquam
508 475 630 526 igitur
651 474 910 514 Theaetetum
931 474 1188 525 Protagoram
1210 472 1454 513 Heraclitum
1483 473 1587 513 idem

156 531 303 572 docere
324 530 566 571 declaratum
588 537 666 576 est,
690 536 832 576 restat,
853 535 897 569 ut
919 541 1057 570 eorum
1078 530 1176 569 ratio
1198 530 1445 570 examinetur
1455 529 1499 581 4).

270 587 317 627 11.
349 587 562 634 Nonnulla,
586 599 687 638 quae
709 592 846 627 contra
868 586 971 627 hanc
991 587 1188 627 rationem
1210 586 1286 626 dici
1306 586 1473 639 possint,
1496 591 1587 625 ante

157 649 403 696 occupantur
416 642 460 695 5).

271 700 313 740 Si
334 700 537 753 perceptio
559 711 747 739 sensuum
768 705 871 739 esset
891 700 1074 745 scientia,
1100 711 1238 739 omnes
1260 698 1441 739 homines
1463 710 1588 750 aeque

154 761 342 809 saperent
363 762 480 809 atque
500 756 638 796 eadem
658 757 811 796 ratione
841 767 917 807 qua
938 755 1119 796 homines
1147 755 1263 795 etiam
1291 754 1440 796 hestiae
1469 760 1508 795 et
1536 754 1590 795 dii

154 814 325 852 scientes
346 818 489 853 essent.
523 812 598 852 Sed
621 812 696 852 hoc
717 811 923 864 probabile
944 818 1094 851 tantum
1116 817 1191 857 est,
1214 823 1293 851 non
1316 817 1447 863 potest
1468 812 1588 852 certis

155 869 421 909 demonstrari
442 869 683 920 argumentis
693 866 735 920 6).

271 925 312 965 Si
333 937 432 978 quae
452 925 726 977 percipiuntur
745 925 864 964 etiam
884 925 1103 969 scirentur,
1126 923 1448 975 intellegeremus
1469 925 1588 964 etiam

155 982 461 1033 peregrinorum
477 993 694 1027 sermones,
716 993 815 1034 quos
832 980 1024 1027 audimus,
1049 980 1109 1020 vel
1129 980 1280 1021 litteras
1299 982 1466 1032 ignotas,
1490 991 1588 1031 quas

155 1037 344 1077 videmus.
395 1038 443 1077 At
470 1049 608 1077 revera
638 1044 788 1077 tantum
815 1037 994 1078 sciuntur
1023 1049 1163 1077 vocum
1192 1038 1279 1077 soni
1299 1042 1339 1077 et
1366 1036 1589 1077 litterarum

155 1093 325 1139 formae,
347 1092 421 1134 alia
442 1095 573 1134 omnia
600 1106 649 1133 ne
669 1094 944 1146 percipiuntur
964 1093 1123 1146 quidem
1136 1091 1179 1145 ⁷).

269 1150 312 1190 Si
339 1162 439 1202 quae
460 1151 684 1190 sentiuntur
710 1155 861 1190 tantum
889 1151 1089 1197 sciuntur,
1124 1150 1293 1189 efficitur
1325 1162 1369 1190 ea
1398 1151 1586 1201 ignorari,

156 1217 257 1257 quae
285 1207 542 1258 perceptione
573 1207 673 1246 facta
708 1207 901 1246 momoria
929 1212 1111 1247 tenemus
1137 1206 1306 1259 ideoque
1341 1207 1458 1246 etiam
1492 1207 1588 1246 sciri

156 1261 338 1302 dicimus.
391 1262 492 1309 Quid
522 1262 625 1315 quod
655 1262 780 1302 multo
811 1262 1043 1302 absurdiora
1072 1262 1326 1303 concedenda
1354 1268 1458 1303 sunt,
1511 1261 1588 1308 Qui

155 1319 263 1358 enim
285 1330 364 1358 uno
386 1317 501 1358 oculo
524 1318 655 1359 clauso
683 1319 830 1370 aliquid
851 1318 956 1358 videt
976 1318 1120 1365 altero,
1150 1318 1269 1359 simul
1290 1318 1424 1359 videre
1446 1325 1485 1360 et
1504 1330 1586 1359 non

157 1374 290 1414 videre
310 1375 478 1426 ideoque
498 1376 603 1415 scire
624 1382 663 1415 et
683 1375 836 1415 nescire
859 1375 1048 1415 dicendus
1069 1373 1180 1427 ests).

270 1430 347 1470 Sed
376 1432 478 1471 scire
506 1443 588 1471 non
615 1431 720 1471 idem
748 1437 806 1471 est
835 1432 941 1483 quod
968 1432 1216 1477 meminisse,
1247 1443 1324 1484 qua
1352 1431 1391 1471 in
1421 1443 1466 1471 re
1494 1443 1586 1484 per-

155 1487 328 1539 ceptioni
357 1486 488 1527 nullus
516 1492 575 1528 est
603 1487 724 1527 locus.
775 1487 924 1527 Deinde
952 1487 1057 1528 idem
1084 1488 1175 1528 sciri
1204 1493 1243 1527 et
1270 1489 1416 1528 nesciri
1442 1494 1585 1540 potest.

151 1542 230 1590 Qui
250 1544 356 1583 enim
376 1544 495 1584 sentit
515 1555 592 1583 non
615 1556 774 1596 semper
794 1543 898 1583 idem
919 1551 997 1589 est,
1015 1544 1084 1584 sed
1101 1543 1199 1584 alius
1216 1543 1301 1584 aliis
1324 1544 1603 1596 temporibus.-

154 1598 255 1639 Tum
292 1611 384 1639 suos
420 1600 584 1653 quisque
617 1599 737 1640 habet
764 1611 923 1646 sensus,
961 1599 1060 1641 alius
1096 1606 1226 1641 autem
1256 1600 1304 1640 ab
1333 1600 1409 1640 alio
1438 1602 1585 1641 mirum

152 1661 344 1708 quantum
373 1655 517 1708 differt.
570 1657 734 1708 Sapiens
763 1658 797 1696 is
818 1662 896 1703 est,
928 1659 995 1709 qui
1024 1656 1162 1703 efficit,
1194 1662 1236 1697 ut
1265 1658 1332 1709 qui
1360 1657 1498 1709 peiore
1527 1665 1586 1696 est

151 1713 275 1752 animi
302 1712 554 1758 condicione,
585 1712 750 1752 meliore
779 1713 858 1752 fiat.
920 1712 1052 1760 Qualis
1084 1714 1187 1753 enim
1218 1719 1274 1752 est
1303 1715 1477 1760 animus,
1506 1713 1585 1754 tale

153 1767 354 1808 iudicium.
405 1770 504 1809 Vera
529 1775 661 1809 autem
682 1774 720 1809 et
740 1768 837 1810 salsa
859 1781 974 1809 nemo
996 1775 1127 1821 potest
1148 1770 1323 1822 opinari,
1351 1769 1420 1810 sed
1442 1770 1584 1822 cuique

156 1836 292 1864 verum
314 1830 373 1863 est
393 1825 497 1876 quod
518 1826 636 1865 sentit
645 1823 690 1876 ⁹).

270 1880 378 1927 Quae
398 1880 589 1921 hactenus
605 1881 758 1932 prolata
779 1887 869 1922 sunt
890 1887 1027 1922 contra
1043 1882 1284 1932 Protagorae
1303 1883 1497 1922 rationem
1520 1895 1583 1923 re-

155 1935 278 1976 futata
307 1942 411 1976 sunt.
464 1937 560 1977 Cum
589 1937 806 1977 Theaeteto
843 1938 1027 1979 Socrates
1057 1938 1226 1991 colloqui
1254 1938 1414 1984 desinit,
1449 1939 1585 1991 incipit

154 2004 245 2032 cum
266 1992 496 2039 Theodoro,
519 2005 597 2045 quo
618 1994 775 2044 gravior
795 1995 846 2034 sit
862 1994 1086 2046 disputatio.
1118 1995 1377 2046 Expositurus
1398 2000 1458 2034 est
1479 1996 1584 2035 enim

155 2060 255 2100 quae
277 2054 413 2088 contra
428 2049 687 2100 Protagoram
703 2049 904 2090 hominem
925 2062 1061 2090 rerum
1083 2063 1307 2091 mensuram
1330 2063 1415 2091 esse
1438 2051 1584 2092 docen-

154 2109 234 2144 tem
256 2117 347 2144 vere
368 2105 446 2144 dici
464 2103 690 2158 possint10).

268 2160 332 2201 ΙΠ.
364 2161 478 2201 Ratio
499 2162 739 2213 Protagorae
760 2162 967 2203 refutatur.

267 2218 502 2269 Protagoras
524 2218 630 2269 quod
652 2219 817 2272 quisque
838 2221 1041 2270 opinatur,
1073 2219 1112 2259 id
1143 2220 1179 2260 ei
1199 2232 1335 2260 verum
1357 2232 1443 2261 esse
1475 2221 1581 2261 dicit.

154 2273 235 2313 lam
256 2285 350 2313 vero
371 2274 552 2314 homines
576 2277 774 2315 contraria
804 2276 1036 2328 opinantur;
1066 2287 1161 2328 ergo
1189 2278 1386 2316 contraria
1417 2278 1463 2317 iis
1492 2290 1582 2318 vera

245 2385 279 2426 1)
306 2396 341 2428 p.
358 2385 636 2420 15513-1570.
713 2386 747 2428 2)
775 2398 808 2429 p.
828 2388 1107 2422 157E—158E.
1184 2388 1220 2430 3)
1246 2399 1280 2432 p.
1301 2389 1530 2423 158E-160
1542 2389 1584 2422 Ε.

243 2430 279 2471 4)
298 2441 334 2474 p.
349 2431 629 2467 16013-16113.
699 2432 734 2474 5)
751 2433 972 2476 Ribbingius
985 2434 1003 2466 Ι
1017 2444 1051 2476 p.
1068 2434 1133 2467 125
1149 2437 1226 2467 not.
1240 2435 1306 2467 252
1321 2437 1358 2466 et
1372 2445 1408 2477 p.
1426 2435 1489 2467 152
1504 2438 1584 2467 not.

155 2476 223 2509 310
238 2475 334 2508 hanc
358 2475 497 2519 dialogi
520 2480 662 2519 partem
687 2477 779 2510 dicit
804 2488 826 2510 a
842 2477 1012 2511 Bonitzio
1036 2479 1156 2512 minus
1175 2482 1276 2512 recte
1294 2480 1350 2512 sic
1366 2480 1584 2522 inscriptam

154 2530 253 2554 esse:
279 2521 410 2564 ‘Geyen
433 2523 499 2555 den
523 2522 606 2555 Satz
631 2523 691 2555 des
714 2523 930 2566 Pwtaqoras
959 2525 1098 2557 werden
1127 2525 1183 2557 die
1212 2525 1376 2557 zundclzst
1405 2526 1477 2557 siclz
1502 2526 1583 2557 dar-

152 2564 348 2604 bietenden,
387 2566 470 2599 aber
499 2567 591 2600 nicht
618 2568 854 2611 stichlzaltiyen
883 2568 1161 2612 Einwendunyen
1198 2569 1451 2611 vor-gebracht?
1508 2569 1583 2602 Sed

154 2609 224 2642 hoc
249 2613 390 2643 tantum
413 2612 492 2645 viro
522 2612 735 2646 doctissimo
761 2613 1035 2646 concedendum
1064 2614 1134 2647 erit
1157 2615 1205 2647 iis
1230 2625 1324 2657 quae
1356 2615 1427 2647 hac
1459 2614 1583 2656 operis

155 2658 261 2696 parte
285 2655 517 2690 disseruntur
547 2657 654 2690 simul
685 2657 772 2700 quid
797 2658 1020 2701 Protagoras
1052 2659 1096 2691 de
1128 2669 1302 2692 sensuum
1332 2660 1584 2702 perceptioni·

154 2699 224 2732 bus
241 2702 399 2734 senserit
414 2702 534 2745 magis
549 2702 741 2736 illustrari.
811 2702 846 2743 6)
870 2714 905 2746 p.
925 2704 1204 2737 1613—16213.
1276 2705 1310 2746 7)
1337 2715 1370 2747 p.
1391 2704 1583 2738 163A-C.

155 2789 221 2822 169
233 2744 280 2822 ce)
305 2756 340 2788 p.
368 2746 646 2781 1630-165E.
755 2747 792 2789 9)
817 2758 851 2790 p.
879 2748 1160 2784 166A-1680.
1279 2749 1336 2790 10)
1363 2760 1398 2791 p.
1426 2748 1584 2783 1680-
