1716 2970
619 116 1001 154 PROLEGOMENA.
1504 112 1529 153 γ

95 237 256 277 animus
276 245 435 287 semper
455 237 684 284 praesentes
701 230 775 271 sibi
792 231 997 283 opiniones
1010 241 1084 282 pro
1101 229 1202 269 veris
1218 227 1347 268 habet.
1380 226 1529 268 Eadem

100 299 164 334 est
183 293 281 333 ratio
303 290 533 331 morborum
554 295 592 329 et
611 290 866 333 insaniarum,
889 287 963 327 nisi
984 286 1090 338 quod
1113 297 1250 326 eorum
1272 291 1428 336 tempus
1448 295 1529 323 non

96 348 266 401 >aequale
287 353 365 392 est;
386 347 494 398 atqui
521 359 543 386 e
566 346 755 398 temporis
784 343 1042 384 diuturnitate
1071 348 1138 382 aut
1165 342 1355 382 brevitate
1385 343 1530 381 veritas

102 406 267 447 iudicari
286 416 365 444 non
385 407 515 456 potest
525 400 567 454 ¹).

217 461 294 501 Sed
315 461 430 500 etiam
453 459 566 499 aliter
596 458 860 498 demonstrari
888 462 1018 509 potest
1046 455 1150 506 quod
1182 456 1324 507 cuique
1352 453 1530 493 videatur

102 520 180 570 ipsi
208 529 341 558 verum
372 528 469 556 esse.
520 515 792 567 Quodcunque
823 514 926 554 enim
957 513 1118 553 omnino
1153 512 1350 551 diversum
1387 517 1445 550 est
1480 510 1529 550 ab

97 575 246 620 altero,
267 573 307 613 id
328 572 435 612 nulla
456 585 502 612 ex
523 578 635 624 parte
656 577 788 624 potest
806 570 911 611 idem
933 582 1019 610 esse
1048 575 1165 620 atque
1193 567 1361 609 alterum
1392 573 1430 606 et
1451 566 1529 605 (lis-

96 630 227 672 simile
258 642 344 670 esse
371 641 532 669 necesse
562 635 631 668 est.
692 628 773 667 Iani
804 639 896 667 vero
926 624 1228 666 innumerabilia
1256 630 1348 665 sunt
1375 624 1528 674 agentia

101 690 275 739 itemque
295 686 483 737 patientia
505 691 622 737 atque
643 684 749 724 aliud
770 696 859 724 cum
884 683 960 723 alio
982 683 1239 723 commixtum
1267 693 1346 720 non
1378 680 1528 725 eadem,

101 744 171 784 sed
198 744 351 783 diversa
380 743 516 794 gignit.
576 741 761 793 Sequitur
788 741 927 791 igitur,
960 740 1146 792 quoniam
1181 739 1364 778 Socrates
1395 736 1532 776 valens

97 801 320 852 ‚aegrotanti
349 800 398 838 sit
428 797 642 843 dissimilis,
680 803 722 837 ut
758 797 1024 848 quodcunque
1060 808 1148 835 cum
1179 795 1343 835 Socrate
1378 793 1531 834 valente

101 861 315 897 concurrat
336 855 440 895 aliud
462 857 615 906 gignat,
638 866 753 906 quam
776 853 882 904 quod
903 865 992 893 cum
1012 852 1176 892 Socrate
1192 856 1433 903 aegrotante.
1454 850 1530 889 Ita-

97 925 179 964 que
206 914 238 953 si
267 924 384 952 sanus
410 911 510 951 bibit
537 912 686 956 vinum,
725 909 838 949 dulce
875 910 911 949 ei
938 909 1092 949 videtur
1122 920 1228 954 esse,
1266 919 1464 952 amarum,
1498 908 1531 947 si

101 975 299 1020 aegrotus.
337 967 449 1009 Nulla
469 969 589 1019 igitur
610 966 682 1007 alia
703 978 768 1006 res
789 966 929 1006 eodem
950 965 1068 1006 modo
1089 965 1307 1018 percipitur
1328 963 1528 1008 sensibus;

102 1026 201 1065 alius
222 1025 325 1065 enim
347 1023 445 1064 alius
466 1025 526 1063 rei
557 1029 616 1064 est
635 1035 774 1064 sensus
803 1029 842 1063 et
869 1023 1067 1062 diversum
1096 1021 1168 1061 alia
1198 1034 1262 1061 res
1290 1020 1420 1060 reddit
1439 1032 1528 1060 sen-

100 1083 283 1126 tientem:
315 1093 442 1134 neque
462 1079 557 1120 illud
580 1080 684 1133 quod
706 1079 877 1132 aliquem
899 1079 1019 1119 afficit
1047 1090 1137 1118 cum
1166 1077 1242 1118 alio
1272 1089 1529 1128 congressum

97 1138 206 1178 idem
226 1138 390 1190 gignens
411 1136 487 1177 tale
507 1137 592 1182 fiet;
616 1150 664 1177 ex
684 1136 761 1176 alio
783 1142 914 1176 autem
930 1135 1034 1175 aliud
1052 1136 1219 1187 gignens
1235 1134 1302 1174 fiet
1315 1134 1527 1174 diversum.

100 1195 238 1247 Neque
258 1206 352 1233 vero
380 1206 500 1246 agens
531 1199 660 1245 potest
690 1205 776 1233 esse
804 1192 912 1232 nullo
941 1193 1115 1244 patiente
1143 1196 1210 1231 aut
1238 1192 1391 1243 patiens
1422 1189 1530 1230 nullo

101 1258 262 1302 agente,
284 1252 337 1289 ita
359 1258 401 1290 ut
422 1256 631 1302 utrumque
660 1249 950 1290 necessitudine
979 1249 1148 1300 quadam
1179 1249 1434 1288 coniunctum
1467 1249 1529 1287 sit.

101 1306 368 1354 Quamobrem
396 1306 554 1358 quando
582 1306 687 1357 quod
717 1319 836 1346 sensu
865 1305 996 1356 aliquo
1027 1318 1089 1345 me
1118 1305 1236 1344 afficit
1264 1304 1361 1343 mihi
1391 1309 1530 1349 exstat,

103 1376 186 1403 non
215 1362 279 1402 alii
308 1364 510 1415 cuiquam,
547 1375 638 1402 vera
665 1362 762 1401 mihi
790 1368 848 1402 est
882 1374 969 1402 mea
998 1363 1220 1414 perceptio,
1256 1362 1400 1413 quippe
1431 1358 1550 1411 quae*

102 1431 215 1460 meae
236 1424 398 1459 naturae
419 1420 579 1471 propria
601 1420 661 1458 sit.
693 1419 797 1471 Ergo
820 1419 853 1458 si
875 1429 947 1469 ego
969 1430 1058 1459 sum
1077 1417 1197 1457 iudex
1217 1429 1373 1462 rerum,
1395 1422 1531 1456 utrum

102 1476 198 1515 mihi
232 1477 310 1515 sint
345 1474 530 1526 necne2),
568 1487 770 1526 nunquam
807 1486 945 1515 errans
980 1487 1080 1527 quae
1115 1475 1241 1514 sentio
1278 1475 1395 1513 etiam
1432 1475 1527 1513 scio.

101 1531 310 1573 Praeclare
330 1532 447 1583 igitur
469 1532 614 1572 dictum
637 1538 697 1571 est
719 1544 739 1571 a
762 1531 978 1571 Theaeteto
1000 1532 1205 1571 scientiam
1227 1542 1313 1570 esse
1343 1542 1531 1570 sensuum

101 1589 399 1641 perceptionem
429 1593 546 1640 atque
575 1587 713 1628 eodem
750 1588 853 1628 redit
882 1587 986 1640 quod
1016 1587 1210 1627 Homerus
1239 1592 1278 1626 et
1306 1586 1530 1626 Heraclitus

101 1645 246 1685 docent
274 1646 406 1684 omnia
435 1645 547 1695 quasi
574 1644 736 1684 flumina
765 1646 914 1684 moveri
948 1645 1122 1696 itemque
1151 1645 1394 1694 Protagorae
1429 1645 1528 1683 ratio

101 1701 303 1741 hominem
325 1700 492 1741 dicentis
514 1702 687 1741 omnium
710 1713 845 1741 rerum
867 1713 953 1740 esse
974 1713 1201 1754 mensuram
1213 1698 1255 1751 3).

215 1758 295 1798 Iam
317 1770 411 1797 vero
431 1764 638 1809 postquam
661 1757 755 1810 quid
776 1759 826 1798 sit
846 1758 1007 1798 scientia
1028 1756 1270 1797 declaratum
1292 1763 1362 1802 est,
1388 1757 1530 1796 Socra-

99 1821 162 1854 tes
182 1813 220 1854 id
242 1814 437 1865 agendum
460 1827 545 1854 esse
567 1815 680 1858 dicit,
705 1820 748 1854 ut
769 1815 1013 1854 examinetur
1034 1821 1166 1854 utrum
1190 1819 1298 1853 recte
1327 1814 1378 1853 sit
1398 1812 1528 1853 decla-

102 1876 234 1910 ratum
269 1882 394 1910 necne
407 1869 450 1921 4).
500 1872 626 1923 Atque
661 1872 701 1909 in
731 1871 973 1922 Protagorae
1002 1871 1161 1922 quidem
1196 1871 1418 1923 praeceptis
1454 1870 1531 1910 hoc

103 1927 246 1965 mirum
269 1938 354 1966 esse
375 1926 487 1972 dicit,
510 1928 615 1979 quod
636 1939 714 1965 non
736 1928 900 1979 perinde
921 1939 1031 1967 suem
1052 1927 1113 1966 vel
1133 1928 1288 1967 simiam
1309 1926 1370 1966 vel
1391 1939 1531 1979 quam·

100 1983 161 2022 vis
198 1981 384 2028 bestiam,
429 1995 518 2022 cum
554 1995 691 2023 sensus
723 1983 912 2029 habeant,
956 1984 1098 2023 dixerit
1130 1996 1267 2024 rerum
1303 1995 1530 2022 mensuram

98 2038 317 2078 ostendens
338 2050 380 2078 se
401 2039 529 2090 ipsum
551 2039 727 2092 quamvis
754 2040 1106 2091 sapientissimum,
1138 2045 1271 2079 tamen
1299 2052 1378 2078 non
1405 2040 1531 2091 magis

102 2106 264 2146 sapere,
297 2106 414 2147 quam
440 2107 597 2141 ranam,
625 2095 771 2135 nedum
801 2098 1025 2148 quempiam
1055 2097 1268 2136 hominem.
1323 2096 1364 2135 Si
1397 2102 1529 2136 autem

100 2163 362 2203 quaecunque
384 2152 566 2203 opinetur
588 2153 771 2204 quisque,
802 2158 910 2192 recta
932 2158 970 2192 et
992 2165 1082 2192 vera
1104 2153 1138 2192 ei
1160 2157 1309 2198 essent,
1341 2164 1419 2191 non
1443 2165 1530 2192 esse

103 2219 175 2247 cur
195 2207 430 2259 Protagoras
452 2208 595 2248 docere
616 2221 658 2248 se
679 2209 922 2260 profiteatur.
974 2208 1082 2256 Quae
1112 2221 1201 2249 cum
1228 2211 1279 2249 ita
1308 2210 1408 2255 sint,
1440 2222 1530 2249 eum

103 2264 227 2303 iocari
256 2265 490 2304 sumendum
519 2278 625 2310 esse,
663 2264 836 2317 alioquin
864 2278 981 2305 omne
1007 2265 1227 2306 disserendi
1256 2271 1294 2306 et
1321 2265 1530 2306 refellendi

102 2320 276 2360 studium
298 2321 383 2360 fore
404 2334 547 2361 vanum
557 2320 599 2373 5).

217 2375 367 2422 Quibus
394 2377 513 2418 rebus
542 2379 728 2430 expositis
755 2378 987 2418 Theodorus
1022 2378 1249 2431 disputandi
1280 2391 1425 2418 munus
1462 2379 1530 2418 de-

100 2439 246 2473 trectat
265 2434 475 2474 amicitiam
497 2446 597 2486 quae
617 2434 692 2474 sibi
719 2435 768 2474 sit
788 2447 878 2475 cum
899 2434 1116 2486 Protagora
1145 2448 1336 2476 excusans
1366 2441 1405 2475 et
1426 2443 1532 2475 aeta-

102 2495 183 2529 tem
214 2489 263 2529 ad
291 2491 521 2531 certandum
550 2492 680 2531 minus
707 2491 901 2532 idoneam.
955 2491 1085 2538 Quare
1114 2492 1338 2539 Socratem,
1369 2498 1413 2531 ut
1441 2505 1530 2532 cum

99 2545 318 2586 Theaeteto
338 2547 379 2585 in
400 2548 500 2587 haec
519 2548 709 2600 inquirat,
733 2548 843 2588 valde
864 2555 978 2600 rogat
989 2547 1032 2598 6).
1073 2549 1188 2589 Hunc
1208 2550 1327 2601 igitur
1349 2549 1531 2589 Socrates

103 2603 340 2654 interrogat,
362 2616 455 2644 num
476 2605 641 2644 miretur
661 2605 852 2657 sapientia
873 2617 915 2645 se-
943 2605 1052 2644 nullo
1077 2605 1256 2651 homine,
1281 2607 1362 2645 imo
1384 2618 1435 2646 ne
1457 2605 1530 2644 deo

105 2658 264 2709 quidem
287 2661 455 2700 evasisse
475 2661 717 2701 inferiorem.
759 2661 871 2708 Quod
891 2661 1128 2702 Theaetetus
1149 2662 1433 2703 dubitationem
1457 2661 1531 2701 sibi

199 2793 232 2835 1)
257 2804 288 2828 c.
307 2795 398 2829 XIII
414 2807 449 2839 p.
470 2796 746 2830 1570—15813.
839 2796 874 2837 2)
900 2808 931 2831 c.
951 2797 1049 2834 XIV.
1142 2798 1176 2838 3)
1195 2808 1230 2841 p.
1250 2797 1531 2832 1-58E—160E.

195 2839 231 2880 4)
258 2850 290 2874 c.
314 2841 393 2874 XV.
486 2841 521 2884 5)
548 2853 580 2886 p.
609 2842 885 2875 160E—162A.
979 2843 1014 2885 6)
1042 2853 1073 2876 c.
1099 2843 1195 2878 XVI.
