1716 2970
712 121 1009 156 ΘΕΑΙΤΗΤΟΣ.
1521 121 1578 163 55

145 238 254 286 οὕτε
278 236 368 297 ὁρῶ
390 239 700 297 γιγνομένους·
734 234 835 283 ἀλλ’
869 241 916 284 οἵ
944 257 992 284 τε
1021 235 1136 293 ὀξεῖς
1162 236 1312 297 ὥσπερ
1346 232 1474 292 οὗτος
1505 239 1580 284 καὶ
1599 248 1665 280 144

153 305 326 367 ἀγχίνοι
359 308 431 352 καὶ
462 305 684 365 μνήμονες
716 302 776 359 ὥς
814 303 868 350 τά
901 305 1043 352 πολλὰ
1082 308 1155 351 καὶ
1195 305 1304 364 πρὸς
1336 307 1413 360 τὰς
1443 304 1579 366 ὀργὰς

152 373 396 434 ὀξύρροποί
417 377 524 432 εἰσι,
559 374 634 419 καὶ
666 370 869 428 ἅττοντες
892 375 1103 433 φέρονται
1135 372 1284 433 ὥσπερ
1307 372 1360 420 τά
1384 372 1576 434 ἀνερμά-

152 458 276 489 τιστα
299 449 452 499 πλοῖα,
468 490 469 493 Ἴ
485 442 559 487 καὶ
582 439 874 500 μανικωτεροι
897 438 925 500 ἢ
956 439 1258 501 ἀνδρειότεροι
1289 440 1501 501 φύονται,
1534 447 1581 489 οἵ
1595 459 1622 491 Β

118 529 135 555 5
153 530 200 558 τε
224 504 280 556 αὖ
305 499 639 568 ἐμβριθέστεροι
659 514 832 567 νωθροί
847 527 940 564 πως
958 507 1187 556 ἀπαντῶσι
1205 507 1316 567 πρὸς
1333 508 1410 564 τὰς
1433 509 1579 569 μαθή-

152 595 242 633 σεις
265 579 338 624 καὶ
363 575 505 636 λήθης
529 579 748 636 γέμοντες.
796 574 818 623 ὁ
845 578 895 624 δὲ
926 576 1045 624 οὕτω
1077 582 1206 632 λείως
1236 597 1284 624 τε
1315 579 1388 624 καὶ
1422 576 1578 625 ἀπταί-

152 661 264 699 στως
288 646 360 691 καὶ
392 642 619 704 ἀνυσίμως
643 649 814 704 ἔρχεται
839 646 910 691 ἐπὶ
933 643 1010 699 τὰς
1037 644 1254 704 μαθήσεις
1277 665 1325 692 τε
1350 648 1425 692 καὶ
1450 646 1580 706 ζητή-

152 730 243 767 σεις
271 712 379 772 μετὰ
412 716 575 771 πολλῆς
609 711 876 773 πρᾳότητος,
908 710 1006 760 οἷον
1039 716 1190 759 ἐλαίου
1215 716 1358 773 ῥεῦμα
1381 711 1577 773 ἀψοφητὶ

153 784 352 840 ῥέοντος,
390 777 502 826 ὥστε
525 780 757 840 θαυμάσαι
779 779 828 827 τὸ
853 786 1112 840 τηλικοῦτον
1135 780 1243 828 ὄντα
1276 779 1417 837 οὕτως
1440 785 1579 829 ταῦτα

97 866 135 893 ⁷10
155 847 515 905 διαπράττεσθαι.

253 922 352 962 ΣΩ.
402 909 471 962 Εὖ
501 914 738 974 ἀγγέλλεις.
794 920 914 970 τίνος
941 917 989 962 δὲ
1021 918 1095 962 καὶ
1120 922 1213 963 ἔστι
1242 920 1332 963 τῶν
1362 923 1578 975 πολιτῶν;

253 990 385 1030 ΘΕΟ.
431 981 617 1042 Ἀκήκοα
640 983 724 1042 μὲν
745 982 962 1043 τοῦνομα,
987 983 1254 1044 μνημονεύω
1275 985 1325 1031 δὲ
1348 983 1415 1032 οὔ.
1465 983 1577 1032 ἀλλὰ

147 1050 232 1109 γάρ
259 1053 350 1097 ἐστι
372 1054 515 1097 τῶνδε
538 1056 628 1098 τῶν
651 1049 929 1110 προσιόντων
950 1049 975 1098 ὁ
1010 1054 1059 1098 ἐν
1090 1057 1152 1114 τῷ
1183 1054 1317 1115 μέσῳ.
1366 1051 1467 1112 ἄρτι
1489 1052 1575 1114 γὰρ
1593 1063 1619 1096 C

151 1121 200 1165 ἐν
223 1122 283 1180 τῷ
308 1121 390 1173 ἔξω
415 1118 566 1180 δρόμῳ
590 1116 828 1178 ἠλείφοντο
853 1122 1025 1179 ἑταῖροί
1052 1122 1104 1167 τέ
1131 1139 1249 1175 τινες
1281 1114 1405 1167 οὗτοι
1437 1119 1576 1169 αὐτοῦ

96 1203 132 1228 15
151 1187 224 1231 καὶ
249 1184 402 1244 αὐτός,
429 1189 516 1233 νῦν
540 1187 595 1232 δέ
613 1206 687 1246 μοι
719 1190 930 1234 δοκοῦσιν
962 1185 1251 1248 ἀλειψάμενοι
1285 1193 1420 1248 δεῦρο
1448 1191 1574 1236 ἰέναι.

150 1251 262 1298 ἀλλὰ
287 1253 440 1300 σκόπει
466 1259 507 1299 εἰ
529 1253 789 1312 γιγνώσκεις
813 1252 962 1301 αὐτόν.

252 1327 351 1367 ΣΩ.
378 1320 637 1380 Γιγνιόσκω·
658 1318 682 1368 ὁ
708 1327 788 1368 τοῦ
806 1324 1034 1377 Σουνιέως
1052 1322 1314 1385 Εὕφρονίου
1340 1327 1475 1385 ἐστίν,
1501 1328 1575 1372 καὶ

149 1387 270 1434 πάνυ
294 1407 367 1448 γε,
393 1382 430 1435 ὦ
451 1394 578 1448 φίλε,
611 1387 774 1449 ἀνδρὸς
805 1387 901 1437 οἷον
932 1392 1006 1437 καὶ
1032 1392 1088 1437 σύ
1120 1394 1278 1439 τοῦτον
1303 1396 1470 1452 ὃιηγεῖ,
1502 1396 1576 1440 καὶ

239 1489 260 1520 8
289 1482 422 1521 ἐλαίου
449 1488 600 1523 21A³H³
629 1489 720 1528 de.
749 1499 830 1521 cum
858 1490 1006 1531 Ficino,
1038 1485 1149 1524 ἐλέου
1171 1500 1203 1527 ς.
1306 1493 1346 1524 11
1376 1486 1576 1536 ἀγγέλλεις

149 1531 286 1610 ΞΕΠΙΙΣ,
301 1526 479 1611 ἕέἕῦλεῖς
501 1533 735 1566 ABCEFH
750 1534 867 1576 abci,
893 1531 1016 1578 λέγεις
1039 1537 1125 1569 ΓΜ·
1160 1536 1216 1570 cf.
1242 1536 1506 1571 Schneiderum
1530 1539 1576 1572 ad

146 1587 217 1610 c1v.
410 1603 419 1612 .

194 1658 210 1687 1
230 1665 270 1688 τε
288 1673 330 1678 -
347 1666 388 1689 τε
412 1647 462 1689 αὖ
485 1657 524 1689 in
549 1658 749 1700 partitione
771 1659 826 1690 ita
896 1668 956 1692 σιν
974 1652 1160 1699 ἅττοντας
1174 1655 1300 1702 ὥσπερ
1319 1656 1493 1705 ἀστέρες,
1510 1663 1575 1696 ubi

146 1710 235 1733 usur
263 1703 382 1742 atum,
400 1704 441 1733 ut
454 1702 531 1736 fere
548 1703 742 1744 particulis
754 1699 827 1746 μὲν

146 1763 190 1769 -
208 1744 231 1778 δ
269 1746 503 1788 respondeat.
535 1747 645 1789 Soph.
660 1749 743 1781 Ant.
760 1749 826 1781 725

143 1783 263 1831 ἅναξ,
289 1788 331 1824 σε’
349 1784 385 1824 τ’
411 1787 532 1833 εἰκός,
558 1791 598 1826 εἴ
613 1804 650 1826 τι
662 1793 824 1845 τἰιαίριογ

148 1831 270 1878 λέγει,
297 1836 464 1878 μαθεῖν,
495 1835 535 1870 σέ
566 1831 601 1870 τ’
627 1849 677 1871 αυ
701 1837 797 1872 τοῦδ
815 1865 823 1873 .

147 1879 206 1912 cf.
225 1880 271 1912 ad
291 1891 328 1922 p.
346 1881 459 1916 1430.

194 1924 325 1965 ‘Quod
347 1919 471 1967 ὀξεῖς,
497 1920 650 1970 ἀγχίνοι
669 1931 706 1960 et
730 1923 824 1972 μνή-

146 1978 261 2010 μονες
283 1970 503 2011 iunguntur,
529 1972 660 2005 audias
682 1982 824 2015 anony-

146 2024 242 2045 mum
289 2014 333 2046 de
373 2015 451 2047 vita
490 2016 648 2059 Pythag.
683 2018 725 2050 18
765 2017 822 2050 ed.

146 2058 281 2094 Kiessl.
299 2052 386 2092 ’Ότι
399 2059 487 2113 τρία
499 2058 595 2112 μ’έρη
610 2057 822 2104 εὐμαθίας·

145 2097 337 2158 ἄγκι’νο,ια,
356 2116 499 2158 μνημη,
516 2105 667 2160 οξντηε-
693 2102 824 2161 μνήμη

144 2159 216 2190 μεν
243 2159 311 2182 ουν
333 2143 412 2183 ἔστι
434 2160 588 2206 τηρησις
616 2163 669 2184 ων
698 2149 822 2195 ἔμαθε

146 2204 220 2233 τις,
253 2188 392 2238 ὀξύτης
429 2193 472 2229 δὲ
503 2207 527 2239 η
560 2194 725 2240 ταχύτης
756 2196 825 2252 τῇς

144 2237 343 2281 διανοίας,
367 2235 548 2283 ἀγχίνοια
571 2238 616 2276 δὲ
640 2237 682 2275 τὸ
705 2238 745 2283 ἐξ
769 2254 823 2276 ων

147 2280 274 2325 ἔμαθέ
290 2295 349 2323 τις
366 2278 390 2317 ἃ
408 2281 459 2328 μή
481 2283 606 2329 ἔμαθε
624 2283 820 2329 θηρεύειν.

145 2328 331 2361 Char-mid.
349 2340 382 2372 p.
401 2332 504 2364 16ΟΑ
527 2326 551 2372 ἡ
577 2328 620 2365 δὲ
642 2326 822 2376 ἀγχίνοια

143 2367 232 2416 οὐχὶ
249 2368 387 2418 ὀξύτης
410 2375 469 2414 τίς
486 2371 565 2409 ἔστι
587 2376 656 2420 τῆς
671 2376 819 2421 ’ψυχῆςς

142 2418 232 2450 Tria
263 2419 331 2451 illa
361 2420 601 2464 philosophus
630 2423 821 2455 coniunxit

142 2464 257 2496 etiam
286 2464 331 2497 de
359 2476 434 2508 rep.
457 2466 508 2499 VI
536 2477 570 2508 p.
600 2467 720 2508 5030,
751 2478 821 2510 quo

144 2507 225 2541 loco
252 2509 340 2541 item
367 2515 490 2543 monet
523 2511 691 2545 homines
718 2514 820 2556 cogi-

144 2553 251 2585 tandi
275 2554 468 2589 celeritate
495 2557 662 2599 insignes
677 2558 821 2599 ingenii

144 2597 317 2640 impetum
344 2610 419 2633 non
446 2601 558 2634 facile
591 2612 698 2645 posse
725 2613 820 2635 eom-

144 2652 314 2686 peseere,
344 2644 509 2688 adeoque
537 2647 584 2679 ad
610 2648 819 2690 superbiam

142 2696 225 2719 esse
242 2688 508 2739 groclivioresst
540 2692 699 2727 STALLB.

190 2733 212 2764 3
244 2743 429 2773 αττοντες.
467 2737 523 2769 De
556 2747 630 2780 rep.
661 2738 694 2770 X
716 2739 819 2771 621ss

143 2774 210 2827 ’2¹12
257 2772 442 2813 ἐντεῦθεν
481 2776 664 2825 ἐξαπίνης
703 2776 820 2816 ἄλλον

140 2821 241 2863 αλλῃ
258 2819 448 2865 φέρεσθαι
466 2820 548 2859 ἄνω
561 2824 617 2866 εἰς
630 2823 701 2870 τὴν
715 2825 821 2871 γένε·

894 1715 930 1737 v.
947 1705 1221 1739 Schneiderum.

939 1763 960 1794 5
976 1771 1067 1800 πως.
1110 1762 1159 1795 cf.
1175 1774 1210 1806 p.
1231 1763 1345 1796 177Β.

939 1819 960 1850 9
987 1810 1095 1851 ὥστε.
1135 1815 1341 1860 θαυμάσαι
1377 1824 1443 1856 ‘sc.
1469 1815 1569 1854 τινά.

893 1862 1079 1906 Aristoph.
1105 1863 1204 1896 Plut.
1222 1865 1290 1897 810
1311 1860 1359 1898 τά
1385 1861 1573 1908 σκευάρια

892 1901 1018 1951 πλήρη
1046 1903 1168 1951 ’σι-ἰν,
1205 1901 1300 1943 ὥστε
1332 1905 1572 1954 θαυμάσαι;’

892 1952 1175 1987 Hsmnonrms.
1216 1954 1571 1990 Cf.Stallbaumium

892 1997 939 2029 ad
957 1996 1068 2041 Gorg.
1084 2009 1119 2041 p.
1136 2000 1257 2032 4561).

940 2055 982 2085 14
1007 2048 1048 2086 ἐν
1083 2053 1134 2100 τῷ
1160 2051 1230 2096 ἔξω
1268 2051 1411 2099 δρόμῳ.
1458 2058 1572 2091 Hein-

893 2097 1044 2139 dorfius,
1082 2100 1144 2142 qui
1182 2101 1423 2135 scholiastam
1453 2102 1571 2136 hario-

893 2142 1033 2176 lantem
1050 2146 1225 2186 correxit,
1250 2141 1317 2180 τὸν
1335 2143 1407 2188 ἔξω
1428 2142 1571 2191 δρόμον

891 2188 1078 2221 intellexit
1092 2189 1135 2222 de
1151 2189 1285 2233 ξυστῶ,
1303 2192 1570 2226 Stallbaumius

890 2233 1150 2268 Ruhnkenium
1173 2236 1220 2268 ad
1238 2226 1330 2269 Tim.
1350 2248 1384 2280 p.
1403 2239 1447 2272 89
1463 2249 1570 2271 secu-

891 2281 950 2311 tus
974 2279 1019 2312 de
1044 2280 1276 2314 ambulacris.
1320 2283 1472 2316 Rectius
1496 2284 1570 2317 for-

888 2327 990 2357 tasse
1011 2325 1054 2358 F.
1079 2326 1259 2368 Haasius,
1292 2327 1502 2361 Palaestrik
1531 2330 1570 2362 in

890 2369 988 2401 Hall.
1012 2371 1167 2412 Encycl.
1184 2371 1240 2405 111
1263 2374 1284 2406 9
1306 2384 1339 2416 p.
1365 2375 1429 2406 361
1458 2369 1478 2407 ὁ
1498 2371 1570 2416 ἔξω

889 2411 1030 2457 ’δρόμος
1051 2415 1149 2449 idem
1173 2427 1254 2450 esse
1276 2419 1486 2461 suspicatur
1510 2423 1568 2453 at-

890 2469 960 2501 que
985 2455 1010 2503 ἡ
1034 2456 1106 2502 ἔξω
1137 2456 1254 2505 αὐλή,
1285 2474 1356 2506 qua
1380 2467 1486 2507 putat
1507 2475 1570 2508 pa-

890 2504 1065 2538 laestram
1090 2507 1356 2542 circumdatam
1382 2520 1475 2544 esse.
1512 2510 1567 2542 Pl.

888 2549 975 2592 Lys.
999 2551 1115 2584 20613.
1154 2552 1312 2594 Becker,
1338 2554 1505 2590 Charikl.
1531 2555 1568 2587 11

933 2645 1155 2694 ἠλείφοντο.
1190 2654 1471 2688 ‘Adolescentes
1492 2666 1568 2689 cor-

890 2706 958 2738 pus
974 2701 1171 2740 unxerunt,
1190 2700 1325 2743 quippe
1343 2704 1379 2733 et
1396 2701 1467 2743 ipsi
1486 2711 1567 2734 curn

890 2740 974 2773 aliis
983 2741 1178 2777 iuvenibus
1188 2745 1378 2778 certaturi.
1386 2748 1395 2764 ’
1406 2746 1563 2778 Sumne.

890 2785 930 2820 C.
963 2786 1004 2818 F.
1037 2788 1244 2831 Hermann,
1285 2790 1565 2828 Privatalterth.

888 2831 908 2870 §
926 2832 987 2872 37,
1007 2833 1059 2865 18.
