1716 2964
198 150 225 193 3
710 143 1088 180 pemmonem.

202 262 345 303 afferre
365 272 455 301 cum
476 259 743 301 concessisset,
765 257 946 297 Socrates
965 254 1075 295 facile
1099 265 1182 294 esse
1203 253 1295 293 dicit
1315 263 1399 292 eam
1421 250 1557 292 tollere
1577 264 1602 292 e

199 318 437 367 Protagorae
465 314 653 354 doctrina.
703 312 800 353 Nam
835 312 1003 363 primum
1035 310 1173 350 iniuria
1209 308 1395 360 disputari
1430 306 1478 347 de
1511 306 1600 352 diis,

200 384 290 412 cum
312 372 360 412 de
380 372 426 411 iis
446 381 573 422 neque
603 374 646 409 ut
673 369 749 407 sint
775 378 903 419 neque
930 372 972 406 ut
996 377 1073 405 non
1101 366 1178 405 sint
1196 364 1431 415 Protagoras
1460 361 1601 403 habeat

201 428 346 468 dicere.
394 426 540 467 Deinde
570 424 673 476 quod
702 423 845 462 dictum
876 423 942 468 sit,
978 421 1164 473 sapientia
1193 419 1387 459 hominem
1416 416 1600 457 bestiolae

201 484 341 534 cuique
361 493 495 533 parem
522 491 607 520 esse
628 477 944 522 existimandum,
974 476 1010 516 id
1032 487 1110 516 non
1130 481 1209 515 tam
1239 486 1285 514 ex
1306 485 1349 513 re
1370 480 1406 512 et
1428 473 1600 518 veritate,

201 550 318 591 quam
339 548 448 577 mero
469 535 630 575 arbitrio
651 540 690 574 et
709 531 900 586 probabili
921 533 1144 571 coniectura
1164 531 1215 569 ita
1237 529 1351 569 statui
1365 527 1404 580 ¹).

313 593 530 633 Occurrere
559 596 687 630 autem
717 589 818 628 aliud
849 588 1029 627 Socrates
1065 586 1155 626 dicit
1182 586 1321 625 rationi
1349 583 1598 634 Protagorae.

203 650 243 689 Si
264 649 366 688 enim
387 647 489 686 idern
520 654 578 686 est
598 646 756 685 scientia
785 650 824 683 et
849 654 1032 682 sensuum
1060 642 1278 694 perceptio,
1309 637 1600 679 concedendum

202 716 295 744 sane
317 709 376 743 est
396 713 649 754 quaecunque
671 699 827 739 auribus
847 697 908 737 vel
929 697 1052 737 oculis
1071 697 1334 749 percipiantur
1349 693 1464 733 simul
1485 694 1600 733 etiam

204 761 308 800 sciri.
357 757 616 798 Nihilominus
653 756 685 795 si
713 761 914 794 externum
945 752 1121 792 audimus
1148 762 1388 795 sermonem,
1424 748 1604 789 audimus

203 815 359 867 quidem
381 825 468 853 eum
485 823 610 863 neque
626 816 754 851 tamen
771 808 1043 860 intellegimus
1074 807 1169 847 Item
1191 806 1224 845 si
1239 805 1456 845 litterarum
1476 803 1603 855 ignari

204 883 269 910 eas
290 869 483 914 videmus,
512 879 590 907 non
611 866 725 906 simul
755 865 1036 916 cognoscimus.
1088 861 1216 901 Facile
1243 867 1373 900 autem
1399 864 1443 900 ea
1462 858 1605 899 refutat

202 925 452 965 Theaetetus.
484 923 718 963 Litterarum
741 922 844 960 enim
867 919 1010 959 formas
1029 918 1184 969 quidem
1213 923 1251 957 et
1271 915 1422 955 colores
1448 916 1480 955 si
1503 913 1605 953 vide·

204 993 289 1021 mus
309 982 479 1032 itemque
499 990 613 1018 voces
633 988 768 1028 graves
788 975 847 1015 vel
867 979 998 1014 acutas
1018 975 1050 1013 si
1077 972 1274 1016 audimus,
1305 971 1418 1011 etiam
1440 971 1604 1012 scimus:

205 1036 354 1087 reliqua
375 1046 466 1074 vero
487 1045 586 1087 quae
607 1033 654 1072 de
674 1033 721 1071 iis
741 1032 930 1071 docentur
951 1029 1109 1069 omnino
1137 1040 1212 1067 nec
1239 1025 1418 1067 sensibus
1438 1025 1605 1077 percipi·

207 1103 294 1130 mus
314 1103 387 1131 nec
407 1090 550 1129 scimus
559 1087 602 1139 ²).

318 1145 395 1186 Sed
423 1144 606 1197 quiddam
642 1142 743 1183 aliud
772 1142 951 1181 Socrates
987 1147 1120 1179 contra
1147 1138 1383 1188 Protagorae
1417 1136 1606 1175 rationem

205 1202 368 1253 profert.
419 1200 603 1240 Memoria
633 1199 735 1238 enim
756 1203 933 1237 tenemus
962 1207 1059 1246 quae
1081 1193 1286 1245 aliquando
1315 1192 1520 1231 didicimus
1547 1188 1607 1229 vel

206 1257 382 1297 sensibus
404 1256 661 1308 percepimus.
704 1253 781 1292 lam
802 1264 895 1292 vero
915 1263 1014 1303 quae
1035 1249 1220 1289 memoria
1239 1254 1431 1288 tenemus.
1464 1257 1507 1285 ea
1529 1255 1607 1283 non

206 1313 406 1352 sentimus.
436 1311 619 1362 Sequitur
639 1309 776 1359 igitur,
799 1319 887 1346 cum
908 1307 1009 1346 scire
1030 1306 1077 1343 sit
1097 1304 1259 1348 sentire,
1291 1308 1333 1341 ut
1352 1313 1451 1353 quae
1470 1300 1608 1340 memi-

209 1368 381 1407 nerimus
409 1368 640 1405 nesciamus,
690 1364 744 1403 lta
773 1375 860 1402 cum
891 1362 976 1414 quis
1004 1360 1143 1399 clausis
1170 1357 1292 1398 oculis
1317 1357 1477 1396 alicuius
1506 1354 1609 1407 quod

207 1423 303 1463 vidit
323 1422 515 1466 meminit,
546 1420 752 1469 contingit.
782 1425 824 1457 ut
845 1417 947 1469 quod
968 1418 1060 1461 scit,
1093 1416 1132 1454 id
1163 1416 1288 1465 ipsum
1309 1411 1423 1452 simul
1450 1411 1607 1454 nesciat,

208 1491 296 1518 cum
318 1489 394 1516 non
415 1477 551 1516 videat.
582 1476 638 1515 Ex
658 1476 704 1515 iis
724 1476 862 1525 igitur,
891 1484 989 1524 quae
1010 1472 1243 1520 Protagoras
1262 1468 1411 1520 posuit,
1441 1465 1610 1505 absurda

210 1533 394 1585 consequi
415 1531 605 1571 videntur.
639 1530 713 1569 Sed
731 1528 941 1568 cavendum
961 1539 1045 1566 esse
1062 1525 1243 1565 Socrates
1262 1527 1405 1566 monet,
1428 1534 1477 1561 ne
1498 1521 1609 1571 quasi

208 1588 415 1641 profligato
446 1588 655 1637 Protagora
686 1584 943 1635 triumphent,
980 1593 1067 1622 cum
1097 1580 1309 1632 speciosius
1336 1589 1452 1630 quam
1483 1577 1610 1615 verius

210 1644 411 1685 videantur
433 1642 696 1694 disputavisse.
741 1639 1043 1690 Praeceptorum
1064 1642 1193 1675 autem
1215 1634 1452 1684 Protagorae
1472 1632 1611 1670 Socra-

209 1705 267 1739 tes
287 1698 537 1738 Theodorum
554 1701 666 1747 rogat
685 1701 727 1735 ut
743 1694 927 1744 suscipiat
948 1691 1220 1744 patrocinium.
1252 1688 1364 1734 Quod
1379 1686 1612 1727 Theodorus

210 1766 297 1794 cum
320 1754 521 1798 detrectet,
538 1757 581 1792 ut
602 1752 667 1803 qui
684 1748 952 1803 philosophiae
973 1746 1100 1787 studio
1118 1746 1271 1785 deserto
1288 1743 1335 1783 ad
1356 1743 1609 1794 geometriam

210 1810 447 1860 confugerit,
484 1808 664 1847 Socrates
699 1807 780 1856 ipse
814 1805 1049 1854 Protagorae
1083 1813 1239 1841 causam
1278 1810 1395 1850 agere
1435 1802 1609 1837 conatur.

210 1865 286 1906 Sed
309 1870 513 1915 antequam
535 1863 610 1902 hoc
631 1862 732 1906 facit,
754 1862 812 1906 iis,
835 1872 933 1911 quae
953 1859 1026 1899 iam
1049 1856 1197 1909 prolata
1219 1861 1360 1899 essent,
1382 1852 1612 1893 absurdiora

211 1919 461 1960 concedenda
484 1930 568 1958 esse
588 1915 806 1967 ostendit-⁸³).
858 1914 954 1955 Nam
976 1926 1019 1953 ea
1042 1912 1197 1964 quidem
1219 1910 1465 1953 condicione,
1487 1913 1530 1947 ut
1558 1908 1612 1945 vi·

211 1977 304 2016 dere
325 1974 427 2014 idem
449 1975 498 2013 sit
518 1973 620 2026 quod
643 1973 763 2017 scire,
792 1972 876 2010 fieri
906 1974 1052 2022 potest,
1083 1973 1124 2007 nt
1151 1968 1238 2019 quis
1265 1966 1392 2005 sciens
1419 1964 1457 2002 id
1484 1965 1612 2014 ipsum

212 2031 315 2084 quod
335 2031 407 2070 scit
428 2031 587 2069 nesciat.
627 2029 668 2068 Si
688 2030 772 2079 quis
793 2027 894 2066 enirn
917 2024 1048 2065 clauso
1069 2023 1192 2063 altero
1213 2021 1326 2061 oculo
1347 2018 1489 2070 aliquid
1511 2017 1614 2056 videt

212 2086 355 2130 altero,
387 2084 502 2125 simul
531 2084 633 2123 videt
668 2089 705 2123 et
732 2095 810 2122 non
837 2081 958 2124 videt,
989 2079 1092 2119 unde
1122 2078 1288 2117 efficitur
1315 2073 1477 2115 eundem
1508 2072 1613 2111 idem

212 2141 326 2181 simul
348 2142 449 2180 scire
479 2146 518 2180 et
537 2141 701 2179 nescire.
752 2136 897 2177 Deinde
925 2138 957 2174 si
986 2134 1144 2174 scientia
1173 2130 1352 2172 sensibus
1379 2129 1612 2172 continetur,

214 2197 388 2237 videmur
409 2197 523 2234 etiam
546 2199 657 2234 acute
678 2199 716 2232 et
737 2192 894 2236 obtuse,
917 2190 1132 2230 comminus
1153 2192 1192 2227 et
1211 2187 1382 2229 eminus,
1405 2183 1613 2223 vehemen-

215 2258 274 2292 ter
297 2257 334 2292 et
354 2251 493 2291 leniter
514 2251 614 2289 scire
634 2260 761 2301 posse,
784 2247 967 2299 quoniam
989 2244 1123 2284 eadem
1139 2241 1316 2283 sensibus
1330 2238 1556 2279 tribuuntur
1568 2237 1612 2287 ⁴).

324 2307 427 2347 Haec
448 2307 576 2345 omnia
598 2317 688 2343 vero
710 2305 890 2343 Socrates
910 2301 1058 2340 inducit
1085 2299 1336 2349 Protagoram
1358 2296 1413 2334 sic
1434 2293 1613 2334 refellen-

213 2369 302 2403 tem.
350 2362 503 2401 ‘Risisti
524 2373 609 2405 me,
631 2373 653 2398 ο
675 2360 871 2402 Socrates,
903 2368 990 2395 eum
1011 2353 1176 2407 puerulo
1197 2352 1414 2394 collocutus
1434 2350 1500 2402 qui
1519 2359 1617 2401 prae

213 2424 317 2458 metu
339 2429 438 2469 quae
459 2415 705 2456 concedenda
728 2419 839 2453 erant
867 2423 945 2451 non
966 2410 1170 2451 concessit.
1220 2408 1301 2459 Ego
1330 2418 1422 2445 vero
1449 2406 1501 2444 ita
1529 2409 1613 2443 tan-

213 2481 295 2515 tum
316 2474 515 2516 revincor,
546 2477 588 2511 nt
607 2473 673 2523 qui
693 2482 799 2509 meas
821 2473 950 2520 partes
981 2467 1059 2518 agit
1086 2463 1321 2517 respondeat
1339 2473 1438 2514 quae
1459 2471 1532 2511 ego
1553 2470 1614 2498 re·

214 2529 447 2582 spondeam,
469 2528 528 2566 sin
549 2526 641 2573 alia,
662 2525 874 2566 revincitur
893 2524 989 2574 ipse.
1034 2522 1157 2562 Nemo
1178 2524 1306 2559 autem
1327 2515 1514 2557 concedet
1534 2526 1615 2553 me-

216 2585 374 2625 minisse
400 2582 503 2624 idem
533 2594 618 2623 esse
650 2588 765 2633 atque
792 2580 995 2632 percipere
1024 2575 1084 2616 vel
1120 2573 1364 2615 cunctabitur
1399 2569 1616 2611 concedere

216 2641 302 2680 fieri
323 2650 448 2692 posse,
470 2644 513 2679 ut
532 2638 632 2678 idem
655 2635 815 2677 eandem
838 2646 921 2674 rem
938 2633 1033 2673 sciat
1053 2638 1091 2672 et
1110 2631 1268 2671 nesciat.
1318 2628 1392 2675 Qui
1413 2627 1517 2666 enim
1538 2624 1616 2664 dis-

307 2773 339 2814 1)
365 2784 398 2815 p.
425 2771 624 2805 xesA-E.
739 2767 775 2810 2)
801 2778 832 2800 ο.
857 2766 959 2800 xv11
985 2777 1019 2809 p.
1046 2761 1248 2797 maa-c.
1363 2758 1398 2803 s)
1424 2769 1454 2792 e.
1481 2756 1618 2791 xv111.

303 2818 341 2860 4)
368 2828 397 2850 ο.
422 2817 507 2850 x1x
532 2826 563 2859 p.
590 2813 860 2848 mac-msa,
