1748 2950
306 184 363 229 4⁰
772 184 1071 226 PROLEGOM
1077 184 1183 226 ENA

310 298 416 337 nulla
444 301 581 348 potest
619 310 708 337 esse
748 296 905 335 sublato
943 301 1075 342 motu,
1117 297 1172 335 ita
1202 295 1373 333 vicissitn
1405 292 1541 331 eadem
1571 306 1640 332 au-

312 354 489 401 feretur,
520 354 553 391 si
581 358 811 392 moveantur
840 353 991 399 omnia,
1021 352 1195 402 nihilque
1226 352 1279 389 sit
1308 354 1518 396 constans,
1549 361 1641 400 per-

314 413 497 461 petuum,
537 409 835 458 sompnum-zm.
901 407 1029 445 Menti
1066 419 1160 445 vcro
1200 411 1320 456 atquc
1359 404 1644 454 intelligentiae

301 477 482 519 *neccsse
512 470 575 502 est
603 464 748 513 aliquid
779 464 832 501 sit
862 464 1098 511 subiectum,
1127 463 1232 514 quod
1258 462 1333 501 sihi
1363 472 1522 511 semper
1550 472 1644 498 con·

315 525 399 559 stet
429 524 470 557 ct
499 520 603 560 idem
635 525 800 559 maneat.

431 575 679 625 Magnoperc
717 575 782 613 hic
819 571 1032 612 cavendum
1073 577 1158 620 est,
1198 584 1247 611 ne
1277 571 1368 622 qnid
1401 570 1535 608 doceri
1565 570 1646 607 exi-

317 631 546 675 sumemus,
587 630 690 681 qnod
721 643 741 667 a
771 629 948 667 Platonis
980 629 1133 678 ratione
1161 627 1384 666 abhorreat.
1442 625 1649 664 Pertinent

317 687 423 724 enim
458 686 557 724 haec
599 686 646 724 ad
686 685 932 724 subtiliorem
977 684 1027 721 de
1064 683 1163 722 ideis
1209 683 1446 727 «lauritium,
1493 680 1648 731 qualem

318 741 435 781 Plato
474 743 510 778 in
553 742 744 792 Sophiste
788 745 829 780 et
868 739 1100 778 l'armcuidc
1140 739 1341 789 exposuit,
1388 749 1506 787 quum
1554 736 1647 774 alibi

321 809 407 834 eam
435 797 559 847 magis
591 796 840 848 populariter
880 800 922 833 et
952 794 1001 833 ad
1032 794 1234 845 vulgarem
1263 793 1463 832 hominnm
1493 796 1650 842 captum

320 851 618 896 accommodate
657 851 924 891 illustraverit.
990 849 1048 887 Dc
1087 862 1162 899 qna
1203 862 1249 887 re
1287 848 1467 886 nolumus
1503 848 1651 885 iterare

323 920 422 958 qxiae
451 907 735 957 disputavimus
766 908 804 944 in
838 905 1134 956 l'rolvgomcnis
1167 905 1315 943 nostris
1350 904 1399 941 ad
1429 901 1651 942 Parmenid.

323 963 386 1002 cd.
415 964 506 1003 mai.
537 963 657 1004 Libro
688 961 732 1000 ll.
763 974 852 1012 cap.
881 963 919 1002 3.
981 962 1117 1010 ltaque
1159 961 1223 998 hic
1267 972 1342 997 non
1373 959 1411 997 in
1442 970 1491 995 eo
1521 958 1653 1007 acqui·

323 1019 449 1064 escit,
494 1019 599 1068 quod
637 1018 772 1060 docuit
809 1017 924 1063 alibi,
964 1017 1073 1054 ideas
1116 1028 1207 1054 csse
1241 1015 1361 1055 rebus
1399 1014 1472 1052 snb
1514 1024 1654 1050 seimus

322 1074 555 1112 cadentibus
595 1075 802 1126 oppositas
841 1077 884 1112 et
921 1072 1158 1119 contrarias,
1202 1071 1372 1120 ideoque
1410 1074 1547 1107 natura
1585 1080 1656 1106 sua

324 1130 600 1180 sempiternas,
631 1133 878 1174 constantes,
911 1139 1073 1178 sempor
1104 1127 1163 1163 aui
1194 1126 1366 1172 similes3
1393 1124 1465 1162 sed
1497 1129 1656 1175 praeter

323 1185 426 1228 hauc
456 1190 619 1223 naturae
649 1184 908 1226 constantiam
937 1183 986 1220 iis
1015 1183 1196 1220 attribuit
1226 1182 1344 1222 etiam
1376 1184 1548 1225 motum,
1578 1190 1656 1229 quo

324 1241 395 1278 flat
423 1245 467 1278 ut
497 1245 538 1278 et
568 1241 680 1289 ipsae
710 1243 1000 1289 cognoscantur
1029 1244 1072 1279 ct
1100 1238 1174 1276 vim
1205 1235 1346 1288 agendi
1377 1234 1658 1284 cl'licieudique

325 1297 509 1339 habeant.
578 1295 691 1345 Quod
732 1294 960 1347 planissime
1005 1294 1189 1334 convenit
1235 1305 1324 1333 cum
1363 1292 1433 1339 iis,
1475 1303 1576 1341 quae
1618 1290 1658 1328 in

325 1351 563 1390 Parmenide
602 1364 640 1402 p.
668 1352 762 1389 1⁴2.
793 1351 838 1389 B.
870 1370 920 1378 —·
959 1349 1047 1387 155.
1084 1349 1130 1386 1⁴2.
1171 1349 1221 1388 de
1260 1347 1321 1396 τῷ
1360 1347 1421 1386 ἐνὶ
1453 1341 1547 1386 ὄντι
1577 1345 1660 1383 sive

327 1407 434 1445 Uno
466 1407 630 1446 finito
660 1406 934 1447 disserunt-wa
974 1416 1051 1455 quo
1081 1405 1171 1445 loco
1213 1402 1309 1442 illud
1339 1404 1506 1441 docetur
1533 1402 1660 1440 varias

329 1468 372 1501 et
400 1463 643 1514 multiplices
671 1463 822 1500 habere
850 1461 1048 1508 rationes,
1088 1460 1229 1511 quibus
1268 1463 1312 1499 et
1341 1470 1475 1497 secum
1501 1457 1590 1508 ipso
1617 1459 1662 1495 et

330 1531 419 1559 cum
460 1519 581 1556 rebus
621 1518 960 1568 adspectabilibus
990 1517 1250 1554 contineatur.
1306 1514 1519 1557 Enimvero
1547 1511 1663 1550 ideae

331 1587 448 1624 quum
479 1575 516 1612 in
548 1586 592 1612 sc
622 1578 828 1625 spectatae
857 1574 893 1611 vi
921 1576 963 1612 ct
1004 1577 1141 1611 natura
1170 1583 1241 1610 sua
1270 1570 1346 1608 sibi
1377 1580 1539 1620 semper
1567 1580 1662 1606 cou-

331 1634 439 1673 stent
477 1642 605 1683 neque
643 1642 811 1679 unquam
852 1628 970 1667 ullam
1000 1628 1169 1667 subeant
1197 1626 1479 1667 mutationem:
1518 1628 1663 1671 tamen,

332 1698 452 1734 quum
481 1690 522 1725 et
550 1685 598 1724 ad
628 1698 673 1725 se
703 1685 808 1735 ipsas
840 1689 882 1722 ct
909 1683 957 1721 ad
988 1695 1055 1721 res
1085 1681 1325 1732 singulares,
1357 1691 1458 1731 quae
1486 1680 1535 1718 iis
1565 1679 1663 1718 sub·

332 1741 462 1781 iectae
498 1744 614 1787 sunt,
653 1740 901 1786 referantur,
951 1737 1265 1789 quandoquidem
1302 1737 1359 1774 ita
1396 1735 1554 1774 demum
1593 1734 1663 1772 ali—

334 1809 447 1846 quam
489 1797 594 1837 inter·
631 1808 677 1834 se
720 1796 870 1837 hahent
905 1794 1243 1840 communionem,
1294 1793 1413 1830 etiam
1466 1790 1666 1829 moveri

336 1852 619 1890 existimandae
649 1855 750 1890 sunt.
809 1852 854 1890 ld
883 1850 1011 1900 ipsum
1043 1850 1147 1890 enim
1175 1848 1419 1898 significatur
1437 1850 1568 1885 motus
1596 1857 1666 1883 vo·

335 1907 498 1951 cabulo..
528 1907 679 1951 habere
709 1919 776 1945 eas
805 1907 932 1944 varias
962 1918 1006 1944 ac
1038 1904 1278 1955 multiplices
1305 1903 1495 1949 rationes,
1525 1901 1666 1951 quibus
1717 1945 1724 1952 ,

336 1975 427 2001 cum
458 1963 545 2001 aliis
575 1964 864 2010 contineantur,
894 1962 1012 2004 sicuti
1041 1961 1088 1999 iit
1118 1960 1236 1999 etiam
1267 1960 1306 1998 iu
1338 1957 1586 2004 parmenide,
1616 1956 1667 1994 ad

336 2031 454 2070 quem
495 2030 527 2056 v.
566 2018 756 2069 Prolegg.
795 2030 834 2068 1¹·
873 2017 965 2056 139.
1031 2015 1182 2055 Verum
1220 2015 1287 2053 hio
1328 2013 1556 2054 meminisse
1594 2023 1667 2050 nos

338 2076 413 2115 iam
451 2078 614 2124 oportet
649 2074 759 2115 ideas
798 2072 973 2113 Platonis
1012 2083 1090 2110 nou
1128 2083 1221 2111 esse
1263 2082 1394 2109 meras
1421 2069 1565 2109 mentis
1594 2078 1666 2106 ιιο-

337 2131 490 2177 tiones3
528 2130 701 2180 alioquin
739 2130 841 2170 enim
881 2140 958 2170 non
996 2127 1262 2177 intelligetur,
1311 2137 1382 2166 cur
1419 2136 1498 2164 nou
1540 2123 1669 2164 solum

337 2187 484 2229 mentis
514 2186 742 2235 cognitione
772 2185 925 2235 attingi,
954 2195 1091 2223 verum
1123 2183 1242 2221 etiam
1270 2181 1458 2220 efficaces
1489 2191 1580 2218 esse
1609 2178 1669 2216 di-

339 2246 489 2283 cantur.
549 2241 650 2284 Sunt
686 2242 808 2291 igitur
844 2253 915 2278 eae
959 2238 1176 2279 secuudum
1224 2237 1506 2289 philosophum
1552 2235 1671 2285 longe

340 2297 445 2337 aliud
476 2296 583 2347 quid,
641 2296 778 2341 Insunt
808 2296 910 2335 enim
940 2295 980 2333 in
1009 2294 1135 2333 divina
1161 2298 1316 2340 mente,
1354 2303 1454 2343 qnae
1484 2289 1672 2340 quidquid

341 2353 511 2402 cogitat,
558 2351 661 2390 idem
702 2356 894 2403 protenus
933 2356 1060 2389 ratum
1099 2350 1366 2399 effectumque
1403 2346 1547 2386 reddit.
1613 2345 1673 2382 Ex

341 2422 419 2458 quo
450 2420 698 2458 consequens
727 2413 812 2454 est,
853 2412 896 2446 ut
933 2419 1028 2444 vera
1067 2418 1199 2444 rerum
1229 2403 1404 2444 essentia
1431 2403 1471 2440 in
1500 2402 1548 2440 iis
1577 2413 1672 2440 cou-

342 2468 514 2505 tineatur
544 2465 731 2514 ipsaeque
761 2476 899 2502 revera
928 2463 1018 2502 sint.
1076 2461 1235 2511 Quippe
1263 2459 1407 2501 mentis
1435 2457 1587 2496 divinae
1615 2457 1674 2495 vis

342 2524 385 2562 et
414 2520 593 2563 efficacia
621 2520 759 2558 cadem
791 2531 955 2569 prorsus
985 2522 1048 2556 est
1076 2522 1196 2567 atque
1219 2515 1394 2554 essentia
1429 2525 1561 2555 rernm
1591 2513 1675 2552 sive

344 2572 482 2615 οὐσία.
543 2575 770 2625 Quanquam
796 2574 936 2616 scdulo
968 2578 1032 2614 est
1061 2571 1289 2618 cavi-ndum,
1319 2583 1368 2608 nc
1397 2570 1526 2620 ipsum
1557 2567 1673 2607 deum

344 2644 417 2684 pro
456 2631 545 2670 idea
574 2636 642 2671 aut
673 2644 744 2681 pro
778 2631 956 2668 idearum
986 2629 1158 2667 omnium
1189 2627 1312 2666 veluti
1342 2625 1549 2676 complexu
1577 2636 1675 2674 quo—

344 2689 431 2730 dam
460 2688 689 2734 habt-amus,
721 2699 836 2739 quam
867 2685 1093 2738 opinioncm
1113 2684 1276 2726 fuerunt
1304 2683 1369 2732 qui
1393 2692 1530 2736 parugn
1559 2684 1675 2718 caute
