1716 2970
128 167 184 211 32
649 161 1027 199 PROLEGOMENA.

129 282 254 332 Atque
284 279 452 330 primum
481 275 584 328 quod
620 286 774 315 omnem
802 274 1002 313 scientiam
1036 273 1075 311 in
1111 269 1289 311 sensibus
1323 268 1531 314 constituit,

130 347 290 376 manare
309 334 347 374 id
369 334 481 373 docet
502 344 549 371 ex
569 330 752 371 Heracliti
773 335 811 369 et
830 329 1066 379 Protagorae
1086 326 1306 378 praeceptis
1316 322 1358 375 ¹).
1408 323 1533 370 Quam

130 391 292 431 alteram
313 390 422 442 ponit
442 388 724 431 definitionem,
746 385 947 425 scientiam
968 394 1055 423 esse
1075 393 1206 421 veram
1228 381 1465 432 opinionem,
1488 389 1534 418 ea

130 446 234 487 unde
261 444 471 498 repetenda
500 444 548 482 sit
579 442 783 481 nescimus.
834 440 877 479 In
905 439 978 478 hac
1004 449 1097 478 vero
1125 435 1265 486 dialogi
1291 440 1401 487 parte
1430 432 1535 485 quod

130 502 298 542 maxime
320 504 524 544 tractatur,
547 499 632 550 quis
652 498 700 536 sit
720 496 865 535 erroris
886 499 1022 533 natura
1044 498 1083 532 et
1102 498 1232 536 ortus,
1264 489 1429 530 multum
1459 487 1535 527 illis

129 556 372 610 temporibus
392 568 412 595 a
433 554 635 604 Megaricis
656 559 692 592 et
712 551 854 591 Eleatis
863 548 890 601 2)
914 549 1062 589 videtur
1083 547 1338 598 disceptatum
1360 556 1445 584 esse
1465 555 1536 583 ne-

131 625 208 664 que
236 611 404 652 alienum
433 610 504 649 fuit
532 608 579 648 ab
610 620 674 652 eo,
705 608 752 647 de
786 618 863 658 quo
886 604 1030 644 multae
1051 603 1329 654 disputationes
1356 600 1534 639 institue·

130 668 290 714 bantur,
314 666 404 719 quid
426 667 474 705 sit
494 665 643 704 discere
655 662 695 714 ³).
729 661 839 708 Quod
860 672 954 700 vero
975 660 1088 699 tertio
1109 657 1196 697 loco
1222 656 1387 701 dicitur,
1409 656 1535 694 scien-

131 725 223 764 tiam
251 735 336 762 esse
364 733 494 761 veram
522 720 745 770 opinionem
773 729 861 757 cum
891 715 1112 756 definitione
1146 713 1412 756 coniunctam,
1449 722 1535 750 eam

131 776 344 829 nonnulli⁴)
367 778 612 829 suspicantur
635 785 719 814 esse
738 772 975 812 Antisthenis
995 768 1172 820 discipuli
1193 768 1374 807 Socratis.

243 834 340 873 Tres
366 834 483 884 igitur
511 830 599 870 illae
627 830 829 882 opiniones
856 827 904 867 de
932 826 1114 866 scientiae
1144 829 1282 863 natura
1309 822 1535 873 priusquam

131 889 413 930 labefactantur
434 893 471 927 et
491 885 777 934 convelluntur,
807 882 1030 935 planissime
1058 879 1300 932 explicantur
1329 882 1367 916 et
1395 877 1535 916 exami-

132 952 286 985 nantur.
336 945 470 995 ltaque
500 944 538 982 in
567 942 692 993 prima
721 939 957 991 quaestionis
991 941 1102 989 parte
1138 935 1307 986 primum
1337 932 1537 972 Theaeteti

132 1001 224 1040 illud
247 1001 447 1039 scientiam
468 1010 552 1038 esse
573 1007 756 1037 sensuum
777 994 1070 1047 perceptionem
1100 990 1390 1030 demonstratur
1420 998 1535 1039 quam

133 1061 221 1109 apte
251 1055 457 1095 cohaereat
484 1065 572 1093 cum
601 1053 838 1101 Protagorae
868 1055 906 1089 et
935 1046 1118 1088 Heracliti
1146 1045 1194 1085 de
1214 1044 1374 1085 homine
1402 1053 1535 1082 rerum

133 1123 314 1151 mensura
342 1117 379 1150 et
406 1110 454 1149 de
482 1113 670 1161 perpetua
698 1118 832 1146 rerum
862 1104 1075 1145 mutatione
1104 1100 1336 1153 praeceptis.
1387 1097 1535 1138 Deinde

134 1179 269 1207 eorum
292 1167 479 1211 rationes,
509 1170 715 1215 postquam
737 1160 942 1204 nonnulla,
973 1170 1072 1210 quae
1092 1161 1229 1196 contra
1257 1165 1322 1194 eas
1350 1154 1426 1193 dici
1446 1164 1536 1204 pos-

133 1223 228 1268 sint,
252 1229 340 1262 ante
361 1225 546 1271 occupata
569 1223 677 1262 sunt,
700 1217 905 1267 diligenter
921 1215 1205 1254 examinantur.
1236 1210 1303 1250 His
1320 1220 1411 1248 vero
1433 1207 1537 1251 radi-

134 1278 232 1317 citus
253 1278 423 1317 excussis
444 1275 552 1315 Plato
582 1274 629 1314 ad
658 1273 694 1313 id
724 1272 967 1323 aggreditur,
997 1268 1100 1320 quod
1129 1267 1295 1306 maxime
1323 1264 1536 1316 quaeritur,

134 1345 226 1372 num
247 1333 405 1372 scientia
426 1332 476 1370 sit
495 1332 532 1369 in
555 1329 732 1368 sensibus
752 1328 888 1378 posita.
939 1325 982 1364 In
1011 1323 1130 1363 altera
1160 1327 1269 1374 parte
1299 1321 1468 1371 primum
1490 1317 1539 1358 de

133 1389 279 1429 erroris
301 1394 436 1428 natura
465 1386 682 1438 disputatur
711 1389 750 1423 et
769 1381 965 1435 quomodo
994 1381 1026 1419 is
1051 1380 1092 1418 in
1121 1378 1248 1417 animo
1278 1375 1385 1414 nasci
1416 1374 1539 1426 possit

135 1444 348 1496 quaeritur.
399 1442 575 1482 Definitio
597 1441 708 1480 tertia
732 1441 780 1479 ita
802 1442 1010 1481 tractatur,
1039 1439 1082 1474 ut
1103 1433 1207 1485 quod
1228 1436 1364 1471 auctor
1386 1431 1468 1470 eius
1489 1428 1537 1468 ad

135 1511 219 1539 eam
242 1493 505 1551 explicandam
527 1495 734 1548 protulisse
756 1494 905 1532 videtur
925 1497 1036 1531 antea
1053 1487 1346 1540 diligentissime
1367 1496 1537 1537 expona-

135 1561 197 1594 tur
219 1560 258 1594 et
280 1555 535 1593 examinetur,

247 1610 324 1649 Has
360 1609 624 1648 definitionum
657 1604 985 1645 considerationes
1022 1605 1237 1652 sequuntur
1273 1596 1535 1636 refutationes.

134 1666 258 1717 Atque
286 1666 410 1717 prima
438 1663 594 1714 quidem
625 1663 675 1701 ita
703 1659 975 1703 labefactatur,
1005 1661 1047 1696 ut
1074 1655 1234 1695 scientia
1257 1653 1442 1691 doceatur
1470 1650 1537 1690 ab·

135 1721 247 1760 ducta
283 1733 304 1760 a
332 1719 509 1759 sensibus
546 1716 787 1768 cogitationis
817 1715 937 1766 ipsius
966 1719 1003 1752 et
1030 1712 1170 1751 mentis
1199 1719 1284 1749 esse
1301 1706 1342 1758 ⁵).
1395 1705 1539 1745 Deinde

135 1776 337 1816 scientiam
359 1787 436 1814 non
458 1786 541 1814 esse
564 1778 709 1812 rectam
730 1772 953 1823 opinionem
975 1770 1026 1808 ita
1049 1767 1349 1807 demonstratur,
1366 1768 1409 1801 ut
1425 1762 1540 1800 etiam

135 1833 201 1884 qui
223 1844 301 1871 non
321 1832 370 1870 sit
390 1831 517 1869 sciens
538 1835 644 1868 recte
666 1828 816 1879 opinari
836 1826 958 1877 possit
971 1823 1012 1875 Β).
1048 1822 1223 1872 Denique
1245 1831 1294 1858 ne
1316 1817 1539 1856 definitione

136 1887 291 1939 quidem
314 1885 522 1926 accedente
543 1895 671 1923 veram
694 1882 917 1934 opinionem
937 1879 1040 1919 idem
1067 1876 1195 1916 valere
1217 1873 1319 1927 quod
1341 1873 1540 1912 scientiam

135 1944 188 1982 ita
210 1943 392 1988 docetur,
423 1947 464 1980 ut
492 1953 512 1979 a
533 1951 622 1979 vera
651 1939 834 1989 opinione
864 1936 1035 1976 definitio
1065 1943 1234 1984 unquam
1256 1929 1393 1969 abesse
1422 1937 1540 1978 nege·

134 1995 253 2049 tur7).
311 1998 390 2037 Hae
426 1997 543 2048 igitur
578 2000 708 2047 partes
742 1993 949 2045 primariae
985 1987 1262 2029 existimandae
1295 1990 1386 2024 sunt
1423 1984 1540 2022 totius

136 2053 291 2104 dialogi.

249 2107 359 2154 Quod
389 2112 562 2147 extremo
584 2105 735 2156 dialogo
757 2103 848 2155 quid
877 2103 925 2142 sit
945 2100 1104 2140 scientia
1133 2098 1223 2137 sciri
1250 2100 1434 2146 negatur,
1464 2093 1540 2132 iam

137 2168 226 2203 ante
248 2164 501 2215 significatum
524 2169 639 2214 atque
660 2165 881 2200 excusatum
905 2162 1000 2196 erat.
1038 2155 1210 2195 Primum
1232 2152 1334 2191 enim
1357 2161 1433 2200 quo
1453 2148 1539 2188 loco

137 2219 186 2259 de
207 2219 375 2259 Socratis
397 2224 479 2257 arte
501 2216 722 2257 obstetricia
743 2226 872 2254 sermo
895 2217 995 2256 erat,
1027 2210 1190 2249 fortasse
1210 2218 1344 2247 verum
1372 2215 1450 2244 non
1480 2205 1538 2242 in-

226 2352 260 2396 1)
285 2353 439 2385 Praeter
455 2352 692 2392 Protagoram
716 2358 750 2390 p.
770 2346 870 2379 172ss
896 2345 1005 2377 etiam
1027 2341 1287 2384 respiciuntur,
1313 2338 1374 2381 qui
1391 2338 1436 2370 ab
1462 2336 1539 2369 eius

136 2397 322 2430 sententia
339 2394 539 2438 paullulum
557 2393 788 2426 recedebant.
821 2389 993 2429 Brandis,
1019 2385 1164 2421 Handb.
1181 2385 1216 2418 11
1233 2386 1250 2416 1
1270 2394 1305 2426 p.
1323 2384 1399 2416 203.
1435 2379 1540 2423 Quod

137 2441 494 2475 Schleiermacherus
518 2450 554 2481 p.
580 2439 643 2471 183
670 2447 721 2479 sq.
747 2440 783 2469 et
809 2433 1071 2467 Stallbaumius
1097 2430 1141 2463 de
1166 2439 1242 2471 arg.
1268 2438 1303 2470 p.
1322 2429 1342 2460 9
1359 2436 1424 2469 sq„
1450 2424 1539 2468 prol.

137 2496 172 2528 p.
197 2487 217 2519 7
247 2485 470 2527 Aristippum
507 2484 730 2525 Protagorae
772 2489 928 2522 persona
969 2474 1167 2519 significari
1207 2471 1385 2514 suspicati
1422 2472 1538 2508 erant,

136 2533 236 2563 reete
260 2529 406 2563 videtur
430 2527 624 2570 negavisse
649 2525 829 2564 zellen-us,
855 2523 924 2556 Die
949 2521 1086 2554 Philus.
1111 2519 1144 2553 d.
1170 2517 1316 2552 Griech.
1339 2515 1374 2547 11
1400 2525 1434 2557 p.
1460 2515 1538 2546 253.

137 2573 194 2607 Cf.
219 2574 450 2607 Steinhartus
473 2584 506 2615 p.
534 2573 574 2605 15
598 2581 669 2613 sq„
694 2572 749 2603 45.
844 2567 880 2610 2)
906 2567 962 2601 cf.
991 2565 1170 2599 Soeherus
1194 2562 1327 2605 p 254,
1353 2558 1539 2592 Steinbar-

135 2622 194 2652 tus
219 2629 254 2662 p.
273 2619 327 2652 68.
419 2617 453 2658 3)
480 2617 671 2650 Bonitzius
694 2625 727 2657 p.
746 2615 822 2648 313.
898 2610 934 2654 4)
960 2606 1314 2643 Schleiermacherus
1363 2628 1370 2636 .
1390 2604 1453 2636 185
1470 2612 1538 2644 sq„

135 2662 366 2705 Brandisius,
392 2661 537 2695 Handb.
564 2660 601 2693 11
626 2662 643 2692 1
669 2670 704 2702 p.
727 2660 791 2691 202
815 2667 888 2699 sq.‚
914 2654 1095 2693 Zenertis,
1121 2651 1256 2685 Philon.
1283 2650 1315 2682 d.
1366 2647 1477 2680 riech.
1502 2646 1540 2679 11

137 2718 171 2750 p.
197 2710 278 2747 211,
301 2706 535 2741 Susemihlins
558 2706 577 2738 Ι
600 2715 635 2747 p.
662 2705 744 2743 200,
770 2700 957 2735 Bonitzius
981 2710 1014 2742 p.
1040 2700 1116 2732 313.
1149 2694 1403 2728 Antisthenem
1427 2691 1540 2734 signi·

136 2751 240 2784 ficari
263 2754 490 2795 negaverunt
515 2750 555 2784 C.
579 2750 621 2782 F.
648 2749 877 2781 Hei-mannus
903 2756 936 2788 p.
962 2744 1045 2781 496,
1071 2743 1135 2774 657
1161 2743 1236 2773 not.
1259 2739 1325 2771 483
1357 2741 1393 2770 et
1420 2735 1541 2770 Stein-

136 2796 262 2829 hattus
287 2807 319 2839 p.
345 2798 398 2830 81.
511 2795 545 2838 5)
570 2805 604 2837 p.
632 2794 730 2826 184ss
749 2790 904 2824 -1870,
1019 2787 1054 2829 6)
1080 2797 1115 2829 p.
1140 2782 1425 2826 200E—-201-D.

137 2840 171 2882 7)
198 2852 233 2883 p.
259 2841 492 2874 ‘zoco—210.
