1716 2970
674 111 1057 147 PROLEGOMENA.
1533 110 1590 153 35

162 228 383 281 Megarensi
411 228 449 268 id
479 227 626 268 sactum
657 237 743 267 esse
771 225 907 266 volunt
936 224 996 265 vel
1025 226 1063 264 in
1092 224 1319 271 itineribus,
1349 237 1450 278 quae
1477 225 1589 265 Plato

164 286 350 337 deinceps
370 285 480 331 fecit,
501 283 566 324 3111
576 282 624 335 ¹),
646 289 854 336 postquam
877 294 924 322 ex
954 281 1030 321 illis
1051 280 1260 322 itineribus
1280 281 1406 322 redux
1426 282 1590 323 Athenis

163 343 306 382 docere
328 342 467 394 coepit.

276 399 386 438 Hanc
407 397 631 450 opinionem
654 397 720 448 qui
741 395 906 441 habent,
930 395 1200 435 coniecturam
1220 394 1353 435 facere
1374 406 1490 447 posse
1513 395 1588 435 sibi

163 455 345 495 videntur
365 467 386 494 e
406 454 606 493 mentione
627 465 802 505 pugnae,
830 453 871 491 in
901 463 977 503 qua
998 451 1237 492 Theaetetus
1266 452 1393 491 virum
1423 451 1589 492 fortissi-

163 524 271 552 mum
293 523 335 551 se
350 510 580 563 praebuisse
597 509 753 550 dicitur.
784 509 828 548 ln
844 508 954 548 initio
971 509 1076 548 enim
1094 508 1237 560 dialogi
1254 514 1590 548 commemoratur

163 568 417 608 Theaetetum
441 566 687 607 vulneratum
711 565 899 606 Corintho
919 565 1092 605 Athenas
1118 571 1272 606 vectum
1296 577 1395 605 esse.
1446 564 1590 605 Vulne-

162 629 290 664 ratum
312 629 442 664 autem
470 635 557 663 eum
584 634 671 663 esse
691 620 983 674 Heindorfius2)
1004 622 1153 674 putavit
1171 623 1213 662 iu
1233 621 1298 662 illa
1322 633 1466 673 pugna,
1490 633 1590 674 quae

162 692 183 719 a
205 679 469 721 Demosthene
481 678 508 731 3)
527 685 690 720 vocatur
706 675 733 733 ἡ
754 675 924 733 μεγάλη
939 675 1057 731 μάχη
1073 674 1185 731 πρὸς
1203 676 1597 731 Λακεδαιμονίους,

162 732 189 790 ἡ
213 735 263 778 ἐν
284 736 518 790 Κορίνθῳ,
541 737 748 776 commissa
768 735 834 776 illa
857 734 916 775 Ol.
933 734 1049 775 XCVI
1068 733 1096 774 2
1115 754 1171 768 =
1192 747 1226 774 a.
1248 732 1344 776 394.
1397 735 1505 782 Quae
1525 748 1592 776 res

163 793 446 834 dubitationem
469 792 598 832 attulit
618 791 984 833 Schleiermachero
994 790 1046 843 ⁴),
1079 792 1146 843 qui
1166 791 1339 832 Platonis
1369 793 1499 831 animo
1521 791 1591 831 ob-

162 855 356 890 versatam
396 862 482 889 esse
517 849 612 888 dicit
647 849 875 888 memoriam
910 847 1010 887 alius
1052 848 1254 889 cuiusdam
1290 847 1449 899 proelii,
1487 849 1590 900 quod

162 906 329 946 fortasse
350 905 547 959 Iphicrate
568 905 667 945 duce
688 905 728 944 in
747 916 841 957 agro
859 904 1062 944 Corinthio
1079 904 1223 944 sactum
1245 906 1307 944 sit.
1341 905 1477 958 Neque
1497 917 1592 944 vero

164 962 351 1003 satisfecit
365 962 524 1002 Munkio
535 961 578 1013 ⁵),
601 962 667 1014 qui
683 960 885 1001 Platonem
907 961 1130 1012 significare
1152 962 1374 1014 suspicatus
1395 968 1455 1001 est
1475 973 1592 1014 proe-

163 1019 257 1059 lium
280 1018 403 1059 multo
424 1019 639 1069 posterius,
664 1030 741 1070 quo
764 1017 822 1058 Ol.
842 1017 907 1057 ClI
925 1015 955 1057 4
973 1037 1029 1050 =
1050 1030 1083 1057 a.
1106 1016 1188 1058 368
1209 1018 1470 1059 Athenienses
1492 1018 1591 1059 Cha-

162 1076 247 1115 bria
269 1075 438 1116 ducente
459 1074 669 1115 Thebanos
691 1075 794 1127 apud
817 1073 1047 1115 Corinthum
1070 1073 1358 1127 repulerunt6).
1391 1075 1436 1115 Ei
1457 1087 1590 1115 assen-

163 1144 230 1172 sus
265 1138 325 1172 est
354 1131 634 1183 Ueberwegius
644 1129 672 1182 7)
711 1133 882 1171 maxime
915 1136 1148 1183 propterea,
1185 1131 1290 1184 quod
1320 1131 1589 1178 Theaetetum,

164 1201 252 1228 cum
273 1188 423 1228 rediret
443 1200 491 1228 ex
507 1187 572 1227 illa
588 1198 732 1240 pugna,
752 1192 910 1240 praeter
931 1187 1199 1228 fortitudinem
1224 1189 1341 1228 etiam
1363 1188 1446 1228 aliis
1467 1187 1590 1229 rebus

165 1246 240 1285 iam
264 1244 414 1284 clarum
437 1245 556 1284 luisse
586 1249 773 1295 appareat
802 1256 849 1284 ex
877 1245 943 1290 iis,
975 1256 1075 1296 quae
1103 1245 1142 1284 in
1171 1246 1366 1296 principio
1397 1246 1594 1285 sermonis

163 1300 354 1342 Platonici
373 1300 576 1352 leguntur,
600 1312 723 1352 quare
743 1312 832 1340 eum
853 1305 965 1352 putat
984 1301 1105 1341 fuisse
1126 1307 1252 1342 aetate
1273 1303 1350 1341 iam
1367 1303 1591 1354 provectio-

164 1369 263 1398 rem.
314 1356 553 1397 Theaetetus
574 1363 706 1397 autem
742 1369 830 1397 cum
852 1356 983 1410 paullo
1005 1363 1094 1396 ante
1116 1357 1288 1398 Socratis
1316 1357 1466 1398 obitum
1489 1364 1593 1398 esset

164 1411 417 1467 μειράκιον,
454 1414 565 1465 sequi
604 1412 710 1453 illam
746 1425 918 1466 pugnam
963 1413 1095 1453 multis
1135 1416 1248 1454 annis
1293 1420 1383 1466 post
1418 1415 1594 1455 Socratis

165 1475 332 1510 mortem
359 1469 500 1509 factam
524 1482 622 1510 esse.

277 1526 386 1573 Quae
415 1527 488 1566 etsi
517 1531 630 1566 acute
660 1525 853 1578 disputata
886 1531 995 1571 sunt,
1034 1533 1167 1566 tamen
1196 1527 1384 1567 nonnulla
1421 1527 1592 1574 obstant,

165 1583 375 1635 quominus
421 1583 467 1622 ad
509 1582 657 1623 Munkii
703 1588 742 1622 et
783 1582 1028 1634 Ueberwegii
1069 1585 1301 1624 sententiam
1343 1583 1590 1624 accedamus.

164 1639 331 1691 Terpsio
354 1639 457 1678 enim
475 1640 704 1690 cognovisse
725 1651 766 1677 se
784 1645 918 1679 narrat
938 1639 987 1679 de
1008 1637 1074 1678 illo
1096 1638 1197 1679 libro
1214 1640 1262 1680 ab
1281 1640 1442 1680 Euclide
1458 1640 1591 1693 paullo

165 1702 254 1735 ante
276 1696 448 1735 Socratis
479 1703 646 1735 mortem
668 1696 866 1741 consecto,
900 1696 969 1735 sed
998 1695 1063 1735 diu
1092 1702 1320 1737 cunctatum
1343 1709 1448 1743 esse,
1483 1704 1592 1737 ante-

165 1764 280 1804 quam
304 1764 392 1791 eum
415 1752 621 1798 oravisset,
652 1758 695 1791 ut
716 1765 804 1791 eum
827 1752 900 1792 sibi
921 1752 1160 1792 ostenderet.
1212 1753 1292 1793 Iam
1324 1755 1356 1793 si
1392 1765 1524 1804 pugna
1551 1755 1591 1794 in

163 1809 275 1847 initio
297 1807 440 1859 dialogi
462 1815 770 1848 commemorata
798 1821 903 1848 311110
925 1807 1008 1849 368
1037 1809 1137 1848 sacta
1161 1817 1283 1855 esset,
1314 1810 1401 1862 plus
1431 1812 1591 1863 triginta

166 1865 280 1903 annis
300 1864 466 1916 Terpsio
489 1870 695 1905 cunctatus
716 1871 840 1910 esset,
873 1865 977 1917 quod
1006 1877 1100 1906 sane
1129 1867 1189 1904 vix
1219 1867 1401 1919 cuiquam
1430 1879 1591 1918 persua—

166 1920 279 1960 seris.
312 1919 420 1966 Quae
441 1932 530 1960 cum
551 1921 601 1960 ita
623 1933 665 1960 se
685 1921 851 1960 habeant
866 1953 875 1967 ‚
898 1927 1041 1968 restat,
1065 1929 1108 1961 ut
1126 1921 1328 1963 Platonem
1351 1924 1593 1975 significasse

166 1982 349 2029 putemus
378 1975 573 2029 proelium
603 1977 817 2028 quoddam,
846 1978 950 2030 quod
979 1980 1021 2017 in
1049 1978 1153 2018 bello
1176 1979 1377 2020 Corinthio
1406 1982 1590 2020 commis-

167 2044 254 2071 sum
291 2038 363 2072 est.
412 2032 550 2085 Neque
583 2034 727 2073 mirum
763 2045 858 2073 sane
894 2040 1012 2083 esset,
1050 2036 1082 2074 si
1112 2034 1220 2074 Plato
1257 2035 1412 2083 laudes,
1450 2036 1594 2089 quibus

166 2089 404 2129 Theaetetus
426 2094 587 2129 ornatus
617 2094 699 2129 erat
719 2089 1007 2142 posterioribus
1026 2091 1291 2142 temporibus,
1318 2094 1592 2145 anticipasset;

165 2157 255 2185 nam
285 2146 327 2184 in
357 2146 463 2185 omni
490 2145 652 2186 historia
683 2159 772 2186 eum
810 2158 890 2185 non
920 2146 1041 2187 fuisse
1071 2148 1271 2188 curiosum
1299 2150 1393 2189 satis
1426 2156 1591 2191 constat.

167 2201 244 2242 Sed
274 2213 324 2242 ne
354 2202 430 2241 hoc
459 2202 618 2254 quidem
650 2203 884 2242 sumendum
917 2209 987 2243 est.
1038 2204 1183 2244 Iniuria
1214 2205 1318 2245 enim
1339 2206 1522 2246 Munkius
1553 2213 1592 2246 et

166 2257 445 2310 Ueberwegius
466 2271 543 2311 quo
565 2264 744 2311 tempore
766 2261 1011 2311 prooemium
1042 2262 1233 2312 scriptum
1261 2263 1312 2302 sit
1333 2262 1590 2303 Theaetetum

164 2319 304 2367 putant
323 2316 400 2354 iam
422 2316 548 2354 virum
577 2316 696 2356 fuisse
725 2315 1000 2357 clarissimum.
1053 2317 1135 2365 Qua
1158 2319 1197 2357 in
1228 2331 1271 2358 re
1299 2331 1379 2358 non
1409 2319 1593 2360 viderunt

165 2370 422 2411 Theaetetum
444 2371 598 2412 laudari
619 2372 667 2412 ab
684 2372 847 2412 Euclide
869 2378 908 2412 et
923 2373 1154 2425 Terpsione.
1186 2375 1259 2421 Qui
1281 2376 1383 2428 quod
1409 2389 1498 2416 eum
1520 2388 1590 2416 no-

164 2433 305 2467 verunt
325 2433 364 2468 et
387 2427 620 2474 dilexerunt,
643 2428 830 2468 admirari
852 2442 946 2470 sane
967 2442 1056 2470 eum
1079 2436 1295 2482 potuerunt
1315 2444 1391 2484 quo
1412 2438 1591 2486 tempore

166 2483 250 2522 aliis
271 2484 496 2524 homiuibus
518 2485 674 2536 ignotus
696 2490 792 2525 erat.
839 2486 986 2526 Deinde
1007 2487 1039 2526 si
1059 2486 1211 2528 Euclidi
1234 2488 1397 2528 dicenti:
1428 2484 1529 2530 εἶπέ
1543 2503 1591 2530 τε

258 2653 291 2687 1)
323 2651 588 2686 Stallbaumius
619 2653 661 2686 de
696 2664 772 2697 arg.
805 2665 838 2697 p.
867 2656 926 2696 14,
958 2655 1047 2698 prol.
1082 2667 1116 2699 p.
1144 2658 1195 2691 10.
1244 2657 1420 2690 Munkius
1451 2668 1484 2699 p.
1511 2659 1588 2690 397.

167 2697 428 2740 Ueberwegius
453 2709 486 2740 p.
512 2700 590 2734 237.
697 2699 733 2740 2)
759 2699 803 2731 ad
829 2710 864 2742 p.
892 2700 1005 2733 142A.
1113 2701 1148 2743 3)
1173 2703 1281 2745 Lept.
1307 2704 1361 2737 52.
1413 2701 1468 2736 Cf.
1495 2702 1587 2737 Xen.

165 2741 262 2773 Hell.
278 2742 328 2774 IV
353 2744 384 2781 2,
412 2743 453 2775 18
478 2754 530 2786 sq.
570 2743 678 2777 Diod.
704 2744 790 2778 XIV
814 2745 858 2777 83
883 2745 1005 2787 ibique
1026 2746 1306 2790 Wesselingius.
1400 2748 1436 2786 4)
1463 2758 1495 2790 p.
1514 2748 1590 2780 185.

166 2831 199 2873 7)
257 2786 352 2865 51)ζὲ
376 2789 442 2820 394
468 2799 519 2830 sq.
623 2786 658 2833 6)
683 2790 776 2822 Xen.
801 2789 897 2822 Hell.
922 2790 992 2823 VII
1018 2793 1054 2832 1,
1082 2793 1112 2826 8.
1162 2792 1272 2826 Diod.
1299 2792 1366 2824 XV
1391 2793 1433 2825 68
1459 2803 1511 2835 sq.

227 2842 261 2874 p.
289 2841 318 2864 ..·
378 2842 430 2874 sq.
462 2856 464 2858 -

1271 2895 1315 2926 3*
