1748 2950
574 91 646 134 Al)
679 89 1004 133 SOPHISTAM.
1405 94 1462 135 31

107 205 187 244 trix
217 199 630 269 (αὐτοποιητικόν),
669 204 734 243 vel
763 204 1068 243 simulacrorum
1106 203 1355 255 procreatrix
1386 200 1460 255 (ει·

107 257 448 312 5w70nociuciv).
505 262 562 300 Et
599 261 692 299 111110
734 261 894 310 quidem
930 265 1115 310 tanquam
1158 263 1295 310 partes
1325 259 1463 297 subie-

109 322 199 356 ctae
228 322 322 356 sunt
354 314 404 357 τὸ
435 312 686 357 εὶκαστικόν
717 322 760 356 et
793 315 843 356 τὸ
877 314 1204 372 ᾳαιταστικόν,
1236 327 1283 353 ex
1318 316 1462 365 quibus

107 373 207 412 illud
246 373 526 412 similitudines
566 373 755 420 exhibet
797 373 876 412 hoc
906 378 1038 411 autem
1068 373 1153 411 sisa
1185 371 1329 411 eflicit.
1386 370 1463 410 Vi-

108 441 243 468 sornm
275 429 436 468 effectio
466 441 606 468 rursus
635 429 784 480 duplex
814 434 891 476 est,
922 429 1057 481 prouti
1087 433 1155 467 ant
1183 427 1463 466 instrumentis

108 489 299 532 utuntur,
343 487 409 535 qui
440 485 624 523 efficiunt
651 487 802 532 risum,
841 490 911 524 aut
951 498 997 524 se
1036 486 1148 535 ipsos
1181 489 1365 533 tanquam
1396 484 1463 522 in-

107 544 331 580 strumenta
370 541 417 579 ad
459 554 544 579 eam
586 554 671 579 rem
711 542 916 582 exhibent.
975 541 1183 579 Posterius
1215 542 1249 578 si
1289 540 1359 587 fit,
1399 539 1463 578 lo-

107 609 196 636 cum
237 596 360 636 habet
388 598 581 645 imitatio,
622 610 723 647 quae
763 598 810 636 fit
840 611 915 649 per
943 610 1105 644 vocem,
1147 598 1317 646 figuras,
1347 596 1462 634 habi-

106 658 215 700 tum,
246 653 334 695 alia.
391 653 565 692 lmitatio
594 667 689 692 vero
718 668 860 692 rursus
888 654 1035 704 duplex
1065 655 1324 692 discernitur.
1383 652 1463 691 Alii

107 710 212 748 enim
241 710 447 748 imitantur
477 711 537 757 id,
573 710 676 760 qnod
706 711 930 748 imitatione
961 712 1208 760 exprimunt,
1249 710 1352 746 bene
1382 708 1462 747 sci-

106 770 246 813 entes3
286 766 350 803 alii
381 766 420 803 id
450 767 682 816 ignorantes
714 766 881 806 faciunt.
943 767 1080 815 ltaque
1118 766 1238 802 1110110
1269 765 1463 803 distinxe-

104 822 162 860 ris
192 819 555 873 ὸυξυμιμητικήν,
587 835 689 872 qnae
720 835 808 860 cum
840 823 1029 872 opinione
1053 823 1247 859 scientiae
1266 821 1461 868 imitatur,

107 881 150 915 et
191 874 419 930 ἱστορικην
459 892 557 916 rna
591 891 802 929 mmmm,
852 891 953 927 quae
994 878 1210 914 coniuncta
1249 880 1314 914 est
1369 882 1478 915 cum'

107 933 288 971 scientia.
354 933 408 971 Et
446 933 639 983 Sophiste
681 933 841 983 quidem
878 946 956 971 non
997 938 1084 971 erat
1122 933 1229 970 inter
1267 932 1460 980 scientes,

106 989 181 1027 sed
218 990 325 1026 inter
362 990 576 1028 imitantes.
635 989 712 1027 Est
755 991 880 1038 igitur
911 990 1098 1038 opinatus
1129 989 1318 1026 imitator.
1376 987 1461 1025 Du-

105 1045 201 1096 plex
241 1051 373 1082 tamen
415 1046 505 1084 talis
540 1058 632 1083 esse
665 1050 823 1096 potest,
865 1045 1036 1095 s'mplex
1078 1049 1120 1082 et
1160 1050 1352 1095 apertus,
1390 1047 1461 1083 aut

106 1100 339 1147 simulatus,
381 1114 499 1150 quum
534 1101 676 1139 callide
707 1103 971 1151 ignorantiam
1004 1114 1116 1139 snam
1145 1102 1278 1137 celare
1311 1104 1353 1138 et
1383 1101 1459 1138 ob-

105 1161 249 1207 tegere
280 1157 429 1195 studet.
490 1156 542 1195 Et
571 1158 638 1194 hic
670 1158 827 1207 quidem
860 1157 898 1194 id
930 1171 1070 1194 rursus
1103 1156 1201 1194 saeit
1231 1156 1461 1206 dupliciter.

104 1213 188 1251 Ant
228 1214 332 1250 enim
375 1213 536 1263 publice
576 1214 768 1264 populum
803 1214 1049 1263 longioribus
1079 1213 1234 1251 deludit
1266 1212 1461 1250 orationi÷

105 1269 204 1315 bus,
244 1269 351 1318 quod
391 1273 454 1307 est
484 1274 688 1307 oratorum
721 1270 972 1319 publicorum
1005 1270 1235 1320 proprinm3
1277 1273 1346 1306 aut
1375 1268 1459 1319 pri-

103 1325 223 1362 vatim
256 1325 503 1363 brevioribus
543 1326 794 1364 sermonibus
836 1339 930 1372 eos,
972 1328 1038 1375 qni
1077 1338 1164 1363 cnm
1206 1326 1296 1376 ipso
1327 1325 1456 1362 collo-

106 1385 295 1431 quuutur,
325 1393 375 1419 eo
399 1381 596 1432 perducit,
614 1386 659 1420 ut
678 1383 892 1432 pugnantia
913 1382 1049 1419 dicere
1069 1381 1288 1419 videantur.
1342 1380 1462 1429 Quod

105 1437 172 1487 qni
203 1437 321 1483 facit,
362 1437 554 1488 sophista
593 1443 676 1484 est,
714 1436 802 1476 ’1011
841 1439 1035 1488 sapientis
1066 1438 1267 1484 imitator,
1310 1438 1462 1487 quippe

105 1493 273 1532 scientia
300 1506 437 1531 rerum
467 1498 510 1532 et
539 1495 770 1545 cognitione
802 1493 1038 1534 destitutus.
1068 1491 1136 1547 (-
1175 1507 1212 1544 p.
1243 1494 1343 1533 268.
1375 1489 1463 1546 D.).

218 1581 281 1619 En
310 1581 438 1619 habes
469 1594 661 1620 summam
693 1582 997 1634 disputationis,
1037 1595 1140 1634 quae
1179 1583 1217 1620 in
1248 1582 1352 1620 libro
1384 1580 1462 1619 So-

105 1636 266 1689 pbistae
315 1638 474 1675 nomine
510 1638 707 1689 inscripto
746 1641 1040 1690 comprehensa
1082 1643 1157 1677 est.
1225 1638 1353 1687 Quam
1390 1637 1458 1688 qui

105 1694 169 1731 vel
210 1693 352 1731 leviter
392 1694 761 1743 consideraverint,
799 1697 825 1734 ii
866 1696 975 1734 facili
1016 1695 1181 1745 negotio
1225 1695 1458 1732 discernent

105 1748 203 1787 duas
242 1750 327 1787 eius
367 1756 515 1800 partes.
573 1751 791 1800 Quaeritur
829 1753 932 1790 enim
976 1752 1027 1789 de
1066 1751 1202 1789 indole
1241 1763 1287 1788 ac
1315 1754 1459 1789 natura

106 1804 347 1856 Sopbistae:
388 1806 593 1854 quaeritur
635 1807 734 1845 item
765 1809 815 1846 de
844 1808 1116 1846 Eleaticornm
1150 1812 1191 1845 et
1221 1805 1458 1857 Megarico-

106 1874 196 1899 rum
227 1861 419 1899 doctrina.
478 1862 589 1910 Quae
619 1863 777 1911 quidem
811 1869 947 1913 partes
967 1876 1135 1913 quonam
1165 1863 1323 1900 viuculo
1352 1863 1459 1901 intet

105 1917 215 1968 ipsas
246 1929 450 1955 connexae
490 1917 782 1968 colligataeque
812 1920 912 1967 sint,
950 1932 998 1958 eo
1032 1921 1157 1970 magis
1187 1919 1460 1967 quaerendum

108 1978 199 2019 est,
237 1984 315 2022 quo
355 1973 481 2024 magis
512 1975 665 2024 poterit
692 1976 838 2026 ambigi
868 1988 914 2012 ac
945 1977 1140 2023 dubitari,
1180 1981 1270 2013 ntra
1308 1976 1460 2026 potmr,

106 2034 197 2067 utra
234 2028 360 2067 levior
399 2029 581 2067 habenda
621 2031 689 2070 sit.
759 2031 859 2070 Ram
898 2044 1018 2080 quum
1056 2032 1107 2069 de
1144 2029 1337 2082 Sopliista
1376 2035 1460 2070 tam

107 2085 271 2136 copiose
319 2089 484 2134 tamque
523 2090 665 2136 argute
704 2090 746 2125 et
798 2088 1002 2126 subtiliter
1038 2087 1291 2137 disputetur,
1340 2086 1461 2126 facile

107 2141 250 2190 aliquis
292 2141 333 2179 in
373 2154 459 2180 eam
499 2142 684 2181 deveniat
713 2143 964 2194 opinionem,
1004 2147 1048 2182 ut
1079 2156 1181 2192 quae
1212 2142 1261 2181 de
1292 2149 1386 2181 ente
1417 2147 1460 2182 et

106 2201 323 2235 non-ente
354 2198 628 2245 disseruntur,
665 2198 824 2236 illorum
862 2199 1190 2238 illustrandornm
1229 2200 1357 2250 gratia
1388 2199 1459 2238 ad-

106 2253 212 2291 iecta
242 2265 334 2290 esse
365 2254 590 2301 existimet,
628 2256 867 2305 praesertim
908 2269 1027 2305 quum
1069 2255 1116 2292 ad
1158 2268 1243 2293 eam
1277 2268 1379 2305 quae
1408 2257 1458 2295 ab

106 2309 219 2348 initio
249 2311 446 2348 sermonis
477 2316 667 2360 suscepta
696 2316 759 2349 est
788 2311 1005 2363 disputatio
1037 2312 1086 2350 de
1119 2312 1334 2362 sophista,
1366 2325 1460 2351 exe-

106 2370 204 2403 unte
223 2365 423 2414 colloquio
444 2378 583 2404 rursus
611 2366 813 2405 redeatur.
874 2368 954 2407 Sed
985 2369 1063 2407 hae
1091 2368 1271 2417 aliaeque
1302 2368 1459 2406 dubita-

107 2421 238 2460 tiones
268 2433 346 2470 quo
377 2422 570 2460 tollantur
598 2422 780 2472 facilius,
810 2435 886 2476 age
916 2425 1072 2477 singula
1102 2424 1361 2475 exploremus
1391 2437 1460 2463 ac-

107 2477 296 2515 curatius.

222 2553 433 2593 Ordiamur
467 2554 514 2593 ab
545 2555 721 2606 hospite
740 2557 925 2596 Eleatico
955 2557 1262 2599 considerando.
1320 2558 1376 2597 Et
1393 2557 1461 2597 hic

108 2610 270 2662 quidem
297 2610 395 2650 illud
424 2616 488 2650 est
517 2612 821 2663 observandum,
850 2613 1084 2664 loquentem
1114 2614 1249 2654 induci
1275 2614 1461 2654 Eleatam
