1748 2944
115 248 178 281 1⁶6
201 237 348 285 θάττω
389 239 490 284 ἐστι.

204 122 258 165 86

768 122 1036 157 ΠΛΑΤΩΝΟΣ

558 238 736 296 φέρεται
768 235 849 295 γὰρ
884 237 958 282 καὶ
989 238 1036 283 ἐν
1073 238 1190 296 φορᾷ
1226 233 1373 282 αὐτῶν
1414 232 1441 295 ἡ
1476 240 1598 295 κίνη-

203 319 270 358 σις
302 306 512 363 πέφυκεν.
568 302 747 350 ἐπειδὰν
785 296 866 349 οὖν
887 300 1003 362 ὄμμα
1027 305 1099 349 καὶ
1131 301 1237 348 ἄλλο
1268 322 1308 348 τι
1337 306 1427 349 τῶν
1458 301 1597 363 τούτῳ

204 372 458 430 ξυμμέτρων
504 369 750 428 πλησιάσαι]
796 368 986 428 γεννήσῃ
1035 367 1115 427 τὴν
1154 367 1392 428 λευκότητα
1439 387 1486 414 τε
1525 370 1598 415 καὶ

203 444 413 496 αἴσθησιν
437 434 548 496 αὐτῇ
572 437 819 495 ξύμφυτον,
844 433 872 480 ἃ
894 434 976 481 οὐκ
998 433 1054 482 ἄν
1071 453 1175 482 ποτε
1200 437 1367 493 ἐγένετο
1392 436 1598 494 ἑκατέρου

205 505 385 550 ἐκείνων
408 501 515 561 πρὸς
546 503 651 548 ἄλλο
677 500 906 559 ἐλθόντος,
937 501 1032 548 τότε
1065 500 1120 560 δὴ
1151 502 1311 560 μεταξύ
1342 503 1630 560 φερομένων5

204 573 279 628 τῆς
311 570 392 629 μὲν
424 569 564 623 ὅψεως
595 568 701 627 πρὸς
737 572 824 614 τῶν
853 566 1122 626 ὀφθαλμῶν,
1153 571 1229 625 τῆς
1261 569 1311 614 δὲ
1342 567 1599 626 λευκότητος

151 645 182 678 Ε
206 636 312 694 πρὸς
335 638 413 682 τοῦ
436 641 825 688 συναποτίκτοντος
848 634 895 681 τὸ
926 638 1091 693 χρῶμα,
1114 634 1138 680 ὁ
1161 635 1243 692 μὲν
1264 632 1491 692 ὀφθαλμὸς
1514 632 1599 693 ἄρα

203 701 344 757 ὅψεως
369 707 561 761 ἔμπλεως
586 704 754 760 ἐγένετο
785 697 899 747 καὶ
879 704 959 761 ορᾷ
984 700 1037 759 δὴ
1068 700 1164 747 τότε
1187 703 1260 747 καὶ
1291 703 1459 757 ἐγένετο
1482 699 1535 747 οὗ
1558 719 1599 747 τι

203 767 301 823 ὄψις
327 766 436 814 ἀλλὰ
459 766 687 827 ὀφθαλμὸς
711 767 853 826 ὁρῶν,
885 766 932 813 τὸ
958 768 1006 813 δε
1037 770 1339 826 ξυγγεννῆσαν
1367 767 1415 813 τό
1449 771 1598 825 χρῶμα

203 834 459 894 λευκότητος
482 834 784 894 περιεπλήσθη
809 835 879 880 καὶ
912 836 1080 892 ἐγένετο
1104 831 1156 880 οὐ
1181 833 1386 891 λευκότης
1409 826 1466 879 αὖ
1488 832 1598 879 ἀλλὰ

209 1007 269 1053 δὴ.
310 1010 416 1043 Hanc
439 1009 756 1052 interpolationem
786 1009 919 1050 primus
945 1012 1161 1050 aspernatus
1191 1012 1245 1041 est
1268 1008 1303 1044 S.
1321 1008 1540 1051 Voegelinus
1561 1008 1599 1040 in

204 1054 320 1097 praef.
349 1054 406 1087 ed.
436 1054 586 1086 Theaet.
616 1054 736 1087 Turio.
764 1064 796 1085 a.
828 1054 923 1087 1844.
968 1052 1023 1085 Cf.
1054 1053 1390 1086 commentationem
1417 1062 1532 1084 meam
1560 1053 1598 1084 iu

203 1099 439 1131 Fleckeiseni
455 1098 574 1131 annal.
595 1099 678 1131 1868
696 1109 728 1140 p.
746 1099 888 1131 27—30.

250 1255 265 1284 1
282 1250 438 1294 φέρεται
451 1247 532 1295 γάρ.
549 1251 751 1284 ‘Adduntur
763 1251 864 1291 haec,

203 1301 244 1329 ut
261 1300 378 1329 motus
394 1296 630 1338 intellegatur
647 1298 689 1328 in
713 1306 728 1328 s
739 1296 864 1338 patio

204 1351 274 1373 neu
292 1340 437 1383 κίνησις
455 1341 655 1383 accipiatur
667 1341 709 1372 de
729 1351 759 1372 m
771 1350 790 1372 u
800 1344 814 1372 t
824 1350 865 1372 a—

205 1386 356 1418 tione.’
383 1385 654 1418 Hmnnomrms.

248 1441 269 1472 2
293 1434 451 1473 ἐπειδᾶν
468 1431 535 1472 οὖν
551 1435 663 1482 ὄμμα.
699 1439 868 1472 Socrates

205 1494 298 1526 quae
315 1484 418 1517 modo
441 1484 612 1526 explicuit
634 1484 796 1526 exemplo
818 1484 868 1516 vi-

205 1528 315 1560 dendi
330 1527 500 1560 illustrat.
530 1529 568 1560 Si
585 1528 668 1571 quid
686 1529 798 1570 igitur
813 1530 868 1559 vi-

207 1572 349 1613 demus,
368 1576 405 1604 et
421 1573 544 1605 oculus
560 1577 597 1605 et
614 1582 686 1612 res,
706 1582 798 1614 quae
815 1573 867 1605 vi—

207 1616 328 1657 detur,
368 1616 508 1649 tardum
547 1620 677 1649 motum
719 1616 865 1656 habent,

206 1660 301 1703 quod
320 1660 443 1693 eodem
460 1661 538 1693 loco
555 1665 743 1694 moventur
756 1664 792 1693 et
810 1670 867 1692 res

207 1704 421 1738 accedentes
466 1708 697 1747 exspectant3
743 1704 868 1737 oculus

207 1749 302 1782 enim
341 1752 546 1791 exspectat,
588 1749 669 1781 dum
701 1749 800 1781 visus
833 1749 866 1780 ei

204 1793 366 1832 affertur,
380 1803 437 1826 res
453 1797 583 1830 autem,
602 1804 692 1835 quae
709 1793 865 1833 videtur,

204 1841 408 1880 exspectat,
434 1837 515 1870 dum
540 1837 647 1872 color.
663 1837 808 1879 quidam
833 1838 866 1870 ei

204 1882 372 1922 affertur,
396 1881 433 1914 id
456 1882 550 1924 quod
574 1892 644 1914 uno
669 1882 865 1923 eodemque

203 1926 375 1968 temporis
391 1929 568 1959 momento
585 1925 635 1958 fit.
661 1926 740 1959 Hac
757 1926 868 1968 igitur

203 1971 241 2003 in
258 1981 294 2003 re
312 1974 397 2003 sunt

247 2015 275 2048 1.
302 2010 348 2048 τὰ
365 2013 555 2066 γεννῶντα

293 2061 322 2094 1
348 2054 389 2092 τὸ
405 2068 569 2102 πασχονε
587 2052 689 2111 ὄμμα

291 2101 390 2136 2.τό
421 2103 575 2137 ποιοῦνε
608 2098 698 2136 ἄλλο
727 2114 762 2135 τι
792 2102 866 2135 τῶν

379 2144 497 2198 τούτω
516 2144 733 2190 ξυμμέτρων

245 2190 292 2223 11.
317 2186 364 2223 τὰ
380 2182 628 2243 γεννώμενα

294 2236 324 2269 1.
348 2229 370 2277 ἡ
378 2234 588 2286 αἴσθησις-ε
606 2229 695 2275 ὄψις

289 2281 323 2313 2.
347 2274 388 2312 τό
406 2274 611 2329 αἰσθητόνε
632 2274 820 2331 λευκότης.

248 2316 340 2356 ἄλλο
357 2335 391 2356 τι
409 2324 482 2356 τῶν
499 2334 616 2369 τουτῳ
636 2321 864 2367 ξυμμέτρων,

202 2378 278 2406 res,
298 2378 391 2410 quae
410 2367 525 2401 videri
549 2358 678 2410 po‘test.
717 2368 758 2399 In
775 2368 864 2400 I'im.

201 2411 280 2445 670
306 2412 412 2444 Plato
441 2412 595 2445 colorem
624 2412 711 2445 dicit
740 2408 863 2454 φλόγα

202 2455 276 2490 τῶν
303 2450 482 2507 σωμάτων
511 2451 676 2490 ἑκάστων
704 2450 863 2498 ἀπορρέ-

202 2509 320 2534 ουσαν
332 2490 417 2552 ὄψει
433 2497 619 2544 ξύμμετροι
633 2495 745 2543 μόρια
764 2497 863 2543 ἔχου-

203 2554 273 2579 σαν
289 2542 381 2588 πρὸς
399 2544 593 2588 αἴσθησιν.
620 2546 708 2580 Cri.

246 2594 513 2644 3πλησιάσαν.
554 2599 648 2633 ‘Alio
678 2610 785 2633 sensu
814 2600 864 2632 ‹li-

205 2649 301 2678 ctum
323 2644 391 2677 hoo
412 2639 625 2695 πλησιάσαν
648 2655 725 2693 pro
734 2639 864 2687 ὁμιλῆ

204 2698 286 2729 σαν,
304 2698 408 2731 quam
426 2689 514 2722 illud
528 2700 573 2723 τα
586 2683 863 2732 πλησιάζοντα.

205 2733 483 2784 Hnnugoarws.

249 2779 269 2809 4
294 2771 487 2821 *ἑκάτερον
503 2782 560 2812 est
583 2777 863 2817 alterutrum,

933 1252 1009 1284 sive
1026 1244 1134 1304 ὄμμα
1146 1251 1221 1283 sive
1246 1243 1338 1283 ἄλλο
1360 1261 1396 1283 τι
1418 1249 1491 1283 τῶν
1514 1260 1598 1283 του-

934 1306 983 1340 τφ
1016 1293 1258 1347 uvupitomv3'
1293 1295 1595 1328 Sranmuuxms.

934 1329 1158 1372 Generantia
1189 1340 1284 1372 enim
1323 1340 1354 1372 si
1393 1343 1476 1372 sunt
1509 1339 1594 1378 alia,

935 1384 1028 1416 aliae
1048 1387 1266 1427 generantur
1282 1393 1350 1416 res.

991 1441 1011 1472 6
1046 1438 1124 1489 τῆς
1144 1435 1214 1480 μὲν
1246 1432 1370 1477 ὅψεως
1401 1434 1516 1489 πρὸς
1525 1436 1598 1471 τῶν

936 1478 1173 1526 ὀφθαλμῶν(
1179 1493 1228 1515 sc.
1241 1478 1366 1525 οὔσης.
1392 1483 1481 1514 Nam
1495 1475 1597 1524 ὄψις,

935 1538 1027 1570 quae
1045 1528 1083 1559 in
1099 1527 1167 1560 hoc
1183 1530 1279 1559 motu
1297 1527 1440 1560 exsistit
1454 1536 1598 1576 quaque

936 1571 1104 1623 impletur
1119 1570 1243 1604 oculus
1259 1566 1293 1613 (ὁ
1311 1567 1381 1612 μὲν
1395 1564 1598 1613 ὀφθαλμὸς

936 1611 1008 1657 ἄρα
1021 1610 1143 1656 ὄψεως
1154 1612 1321 1658 ἔμπλεως
1323 1609 1506 1667 ἐγένετο),
1514 1625 1597 1647 cau-

935 1671 1011 1693 sam
1035 1670 1133 1692 suam
1158 1663 1193 1692 et
1218 1659 1431 1702 principium
1455 1659 1492 1690 in
1517 1668 1599 1691 ocu-

937 1705 994 1746 lis,
1012 1703 1140 1737 albedo
1158 1708 1287 1744 autem,
1303 1714 1373 1745 qua
1387 1712 1440 1735 res
1454 1703 1598 1735 obiecta

935 1749 1051 1781 oculis
1081 1748 1263 1790 impletur.
1293 1749 1329 1779 in
1358 1747 1424 1779 hac
1453 1748 1531 1789 ipsa
1560 1757 1597 1780 re

935 1793 1057 1826 habet.
1086 1792 1232 1824 Plenam
1245 1793 1300 1825 his
1315 1792 1430 1824 lucem
1444 1791 1599 1824 afferent

936 1837 1000 1870 illa
1017 1848 1050 1880 p.
1071 1836 1168 1869 1590
1188 1830 1385 1889 Ἐγέννησε
1402 1831 1473 1886 γὰρ
1490 1830 1538 1878 δὴ
1557 1830 1599 1869 ἐκ

935 1881 1007 1915 τῶν
1023 1878 1394 1932 προωμολογημένων
1407 1874 1450 1913 τό
1463 1889 1502 1913 τε
1514 1888 1598 1912 ποι-

935 1925 1002 1959 οῦν
1019 1924 1084 1959 καὶ
1103 1921 1144 1959 τὸ
1161 1934 1306 1968 πασχον
1327 1918 1446 1974 γλυκυ
1449 1918 1551 1975 τητοὶ
1557 1934 1597 1957 τε

934 1968 999 2003 καὶ
1017 1969 1212 2021 αἴσθησιν2
1227 1980 1307 2012 αμα
1324 1963 1516 2010 φερόμενα
1529 1962 1598 2017 ἆμ-

934 2009 1088 2067 φότερα,
1108 2012 1173 2047 καὶ
1190 2026 1211 2057 η
1231 2013 1300 2064 μὲν
1313 2012 1492 2054 αἴσθησις
1503 2007 1597 2054 πρὸς

934 2058 999 2092 τοῦ
1015 2056 1226 2110 πάσχοντος
1248 2066 1342 2091 ουσα
1365 2053 1459 2089 atu&
1462 2051 1596 2105 qvoni-

934 2114 1004 2154 νην
1033 2099 1103 2145 τὴν
1129 2101 1297 2151 γλῶσσαν
1328 2094 1595 2151 ᾇπειργοὶσατο,

933 2142 955 2190 ἡ
990 2144 1032 2180 δὲ
1064 2141 1248 2198 γλυκύτης
1276 2141 1367 2198 πρὸς
1396 2144 1461 2178 τοῦ
1488 2143 1597 2177 οἴνου

933 2190 1019 2268 ntzel
1039 2186 1155 2223 αὐτὸν
1169 2186 1360 2241 φερομένη
1373 2183 1526 2265 γλυκτίν
1532 2183 1598 2221 τὸν

934 2245 1042 2322 Ξπῖῗ
1047 2245 1205 2312 „mma”
1208 2243 1332 2311 '55:51'
1336 2241 1422 2310 ”132
1453 2241 1598 2318 ἴρὲἳὶἶῃ

933 2291 1054 2358 σθαιη’
1082 2324 1352 2355 Hmnnonnus.

989 2380 1010 2412 8
1047 2375 1211 2421 ἔμπλεως
1239 2372 1390 2420 ἐγένετο
1417 2373 1482 2409 καὶ
1509 2369 1593 2418 ὁρᾷ

931 2424 985 2456 De
1003 2390 1090 2455 Ιιοιιμ
1092 2422 1220 2456 aerini
1243 2425 1280 2454 et
1303 2420 1507 2472 praesentis
1529 2429 1597 2451 usu

931 2468 979 2501 cf.
1010 2467 1054 2500 de
1091 2477 1163 2517 rep
1198 2467 1230 2499 V
1259 2463 1360 2498 4⁶20
1391 2474 1484 2498 οταν
1522 2473 1598 2496 που

933 2507 1038 2568 ημῶν
1054 2506 1239 2549 δάκτυλός
1256 2519 1324 2543 του
1338 2507 1476 2562 πληγῇ,
1494 2506 1598 2541 πᾶσα

990 2554 1170 2590 κοινωνία
1200 2571 1243 2578 -
1273 2548 1424 2604 ᾔσθετο
1454 2563 1492 2585 τε
1532 2549 1598 2585 καὶ

932 2569 1035 2633 πᾶσα
1052 2593 1131 2642 ἅμα
1145 2565 1354 2674 ξυνήλγῖησε
1373 2593 1515 2649 μέρους
1531 2606 1597 2629 πο-

933 2638 1118 2693 νήσαντος
1139 2644 1234 2696 ολη.
1340 2651 1442 2675 ουτω
1465 2639 1513 2691 δη
1538 2637 1598 2674 λε’·

933 2698 1047 2732 γομεν
1074 2681 1131 2721 ὅτι
1158 2683 1179 2720 ὁ
1209 2681 1412 2726 ἅνθρωπος
1436 2680 1502 2718 τὸν
1530 2678 1599 2717 δι’·

934 2733 1069 2766 κτνλον
1082 2726 1200 2775 ἄλγει.
1224 2732 1276 2763 De
1290 2731 1425 2763 aoristo
1439 2730 1487 2765 cf.
1501 2728 1599 2762 infra

934 2788 967 2820 p·
988 2777 1121 2811 15901)
1141 2774 1282 2809 mue.

1616 847 1647 873 10
