1748 2950
664 88 962 123 ΘΕΑΙΤΗΤΟΣ.
1448 85 1525 127 181

212 216 311 256 Σῼ.
365 209 454 255 Καὶ
484 205 568 266 γὰρ
599 207 679 252 τοῦ
717 205 800 264 μὲν
840 202 868 250 ὂὶ
904 207 1134 251 ἐπίσταται
1166 201 1226 262 μὴ
1260 205 1528 250 ἐπίστασθαι

110 276 450 336 ἀπηλλάγμεθα·
488 273 517 320 ἃ
547 273 633 334 γὰρ
668 271 921 332 κεκτήμεθα
955 271 1015 332 μὴ
1047 274 1290 332 κεκτῆσθαι
1322 273 1528 331 οὐδαμοῦ

110 351 174 392 ἔτι
197 349 456 404 συμβαίνει,
486 341 588 389 οὔτε
610 346 854 398 ψευσθεϊσί
872 360 991 395 τινος
1015 339 1117 387 οὔτε
1140 339 1213 400 μή.
1275 339 1528 398 δεινότερον

109 416 258 473 μέντοι
282 411 426 467 πάθος
450 409 557 458 ἄλλο
581 414 954 471 παραφαίνεσθαί
974 428 1047 468 μοι
1073 413 1198 456 δοκεῖ
1222 436 1280 440 —-

75 500 92 525 5
212 488 372 528 ΘΕΛΙ.
415 477 474 527 T&
498 491 649 536 ποῖον;

211 556 307 596 ΣΩ.
346 553 406 596 Εἰ
426 547 454 607 ἡ
483 551 572 594 τῶν
597 549 846 606 ἐπιστημῶν
869 543 1120 605 μεταλλαγὴ
1146 543 1317 604 ψευδὴς
1342 544 1529 604 γενήσε-

108 622 184 663 ταί
204 635 310 663 ποτε
337 615 454 672 δόξα.

211 692 370 732 ΘΕΑΙ.
411 689 516 739 Πῶς
540 683 621 742 δή;

208 760 309 800 ΣΩ.
354 758 543 813 Πρῶτον
576 752 658 811 μὲν
689 750 737 797 τό
768 770 887 805 τινος
926 755 1082 810 ἔχοντα
1123 749 1368 809 ἐπιστήμην
1398 754 1528 796 τοῦτο

59 840 91 864 10
109 820 215 869 αὐτὸ
240 819 420 880 ἀγνοεῖν
450 821 510 880 μὴ
542 818 837 879 ἀγνωμοσύνῃ
869 817 981 864 ἀλλά
1013 823 1066 877 τῇ
1100 820 1263 864 ἑαυτοῦ
1287 817 1525 878 ἐπιστήμῃ·

109 895 257 937 ἔπειτα
281 892 432 947 ἕτερον
455 883 514 934 αὖ
537 893 666 934 τοῦτο
692 886 911 945 δοξάζειν,
936 885 983 933 τὸ
1011 884 1054 932 δ’
1081 889 1233 945 ἕτερον
1256 889 1408 944 τοῦτο,
1435 891 1529 940 πῶς

108 956 162 1005 οὐ
193 956 333 1016 πολλὴ
368 954 549 1016 ἀλογία,
584 955 821 1015 ἐπιστήμης
853 956 1215 1014 παραγενομένης
1248 957 1415 1014 γνῶναι
1448 956 1530 1014 μὲν

107 1026 189 1084 τὴν
213 1025 362 1085 ψυχὴν
384 1026 548 1084 μηδέν,
575 1022 791 1083 ἀγνοῆσαι
817 1024 867 1069 δὲ
891 1022 1058 1079 πάντα;
1086 1025 1134 1069 ἐκ
1158 1022 1242 1083 γὰρ
1266 1022 1428 1069 τούτου
1452 1026 1533 1070 τοῦ

107 1094 242 1153 λόγου
273 1093 437 1139 κωλύει
469 1090 604 1140 οὐδὲν
635 1094 708 1138 καὶ
742 1090 928 1150 ἄγνοιαν
960 1094 1329 1151 παραγενομένην
1359 1094 1534 1150 γνῶναί

59 1178 90 1204 15
108 1181 150 1208 τι
190 1165 369 1219 ποιῆσαι
416 1163 489 1207 καὶ
538 1159 789 1219 τυφλότητα
832 1165 973 1218 ἰδεῖν,
1024 1167 1149 1219 εἴπερ
1197 1162 1272 1206 καὶ
1314 1158 1530 1220 ἐπιστήμη

109 1229 328 1288 ἀγνοῆσαί
350 1231 457 1276 ποτέ
476 1249 577 1276 τινα
601 1227 786 1287 ποιήσει.

1551 762 1585 793 D

210 1304 369 1344 ΘΕΑΙ.
394 1296 522 1352 Ἴσως
546 1295 652 1356 γάρ,
678 1290 713 1343 ὦ
738 1295 1000 1355 Σώκρατες,
1032 1294 1086 1343 οὐ
1120 1301 1265 1349 καλῶς
1298 1295 1376 1350 τάς
1406 1294 1526 1356 ὄρνι·
1551 1311 1580 1342 Ε

106 1374 193 1419 θας
220 1368 423 1424 ἐτίθεμεν
449 1364 687 1425 ἐπιστήμας
719 1364 858 1424 μόνον
881 1366 1106 1422 τιθέντες,
1140 1369 1230 1411 ἔδει
1263 1365 1313 1410 δὲ
1348 1366 1423 1411 καὶ
1447 1363 1530 1411 ἀν-

110 1433 463 1493 επιστημοσύνας
487 1436 662 1480 τιθέναι
686 1432 796 1493 ὁμοῦ
814 1435 1221 1493 συνδιαπετομένας
1248 1435 1296 1479 ἐν
1314 1435 1370 1493 τῇ
1393 1436 1530 1493 ψυχῇ,

56 1519 90 1544 20
108 1503 182 1548 καὶ
206 1500 284 1548 τὸν
307 1501 562 1560 θηρεύοντα
585 1502 683 1548 τοτὲ
705 1502 788 1561 μὲν
813 1500 1057 1561 ἐπιστήμην
1088 1500 1397 1560 λαμβάνοντα,
1435 1502 1531 1548 τοτὲ

107 1567 149 1616 δ’
177 1567 594 1629 ἀνεπιστημοσύνην
626 1574 706 1616 τοῦ
740 1567 876 1616 αὐτοῦ
901 1573 1003 1629 πέρι
1040 1572 1188 1628 ψευδῆ
1218 1570 1300 1629 μὲν
1334 1569 1531 1626 δοξάζειν

104 1643 158 1698 τῇ
183 1637 597 1699 ἀνεπιστημοσύνῃ,
623 1636 771 1697 ἀληθῆ
798 1638 848 1684 δὲ
872 1642 926 1698 τῇ
951 1637 1185 1699 ἐπιστήμῃ.

207 1712 305 1752 ΣΩ.
355 1704 422 1752 Οὐ
447 1705 608 1767 ῥᾴδιόν
631 1726 705 1765 γε,
740 1700 774 1752 ὦ
800 1711 1036 1765 Θεαίτητε,
1069 1707 1128 1766 μὴ
1155 1710 1354 1753 ἐπαινεῖν
1380 1723 1442 1753 σε.
1505 1704 1531 1752 ὂ

106 1777 255 1832 μέντοι
280 1773 424 1832 εἶπες,
457 1773 591 1820 πάλιν
616 1777 862 1829 ἐπίσκεψαι.
925 1779 1036 1821 ἔστω
1061 1776 1145 1834 μὲν
1168 1773 1253 1834 γὰρ
1280 1794 1338 1828 ως
1363 1776 1528 1833 λέγεις·

57 1858 130 1887 250
163 1842 213 1887 δε
248 1840 303 1899 δὴ
335 1839 415 1900 τὴν
446 1841 862 1901 ἀνεπιστημοσύνην
901 1842 1053 1901 λαβὼν
1093 1846 1238 1901 ψευδῆ
1272 1844 1378 1902 μέν,
1422 1842 1526 1902 φῄς,

110 1909 295 1964 δοξάσει.
332 1929 360 1967 η
383 1907 492 1967 γάρ;

209 1982 369 2024 ΘΕΑΙ.
408 1982 514 2023 Ναί.

207 2052 305 2092 Σῼ.
348 2042 414 2091 Ού
441 2044 585 2103 δήπου
609 2046 684 2091 καὶ
708 2042 923 2104 ἡγήσεταί
942 2065 995 2105 γε
1019 2049 1165 2107 ψευδῆ
1193 2045 1405 2102 δοξάζειν.

198 2191 214 2222 1
234 2184 432 2223 ἐπίσταται
450 2189 518 2223 ΠΙεε
535 2190 638 2232 de„
657 2185 879 2224 ἐπίστανται
897 2190 944 2227 *ς
960 2192 1066 2224 Hym.
1150 2193 1172 2224 4
1188 2192 1533 2244 παρεμφαίνεσθαι

106 2234 255 2314 Ξξέζτξ
259 2236 395 2314 ‘Allffla
489 2236 509 2268 6
525 2231 742 2280 μεταλλαγὴ
762 2236 885 2271 ς’[ΔΠ
897 2237 987 2271 Blck.
999 2231 1230 2281 ,ἐπαλλαγὴ
1259 2246 1292 2273 ς.
1388 2240 1431 2271 20
1448 2232 1533 2271 τότε

152 2405 168 2436 1
204 2398 229 2436 ἃ
247 2398 449 2437 ἐπίσταται
474 2407 541 2438 (εο.
560 2407 645 2443 τις.’
682 2405 780 2438 HDF.
851 2407 961 2440 beat
980 2407 1442 2441 scientiamalieuius
1457 2409 1526 2440 rei

110 2448 169 2483 Cf.
186 2449 233 2482 ad
251 2460 285 2492 p.
305 2450 421 2483 163E.
852 2463 943 2484 eam
971 2453 1115 2495 ipsam
1139 2453 1533 2494 nesciat...‚dein-

153 2495 172 2525 5
200 2489 252 2526 Τὸ
269 2497 403 2536 ποῖον;
428 2494 654 2527 Theaetetus
670 2496 781 2528 valde
852 2497 903 2530 de
937 2498 1052 2540 quod
1084 2498 1199 2530 hanc
1232 2509 1317 2531 rem
1354 2499 1533 2531 habeat

111 2548 224 2572 avens
242 2540 335 2572 scire
350 2540 437 2583 quid
451 2540 500 2571 sit
513 2539 606 2572 illud
619 2542 782 2583 gravius,
852 2553 932 2585 pro
962 2543 1074 2583 alia,
1108 2543 1244 2576 aliam
1273 2547 1422 2576 autem
1456 2555 1532 2586 pro

108 2583 367 2626 intempestive
391 2585 554 2618 Socratis
580 2586 782 2619 orationem
854 2588 954 2620 hac:
988 2588 1147 2630 quidni
1176 2589 1345 2621 multae
1377 2590 1438 2621 sit
1469 2593 1532 2620 te-

109 2630 356 2672 interrumpit3
419 2631 591 2663 Socrates
646 2634 780 2672 autem,
854 2633 1084 2665 maritatis
1153 2635 1368 2675 animum,
1440 2644 1533 2666 cum

108 2674 319 2716 priusquam
337 2675 371 2708 ei
391 2675 602 2719 respondet,
622 2687 714 2719 quae
733 2677 783 2709 di-
856 2679 1058 2711 scientia
1075 2679 1220 2720 adsit,
1239 2679 1354 2711 nihil
1372 2690 1533 2721 eogno-

109 2722 233 2751 cturus
252 2722 326 2762 est,
349 2720 441 2753 dicit
441 2721 578 2775 plene.
856 2734 1000 2764 scere,
1022 2724 1100 2756 sed
1126 2725 1273 2756 omnia
1295 2725 1531 2766 ignorare?

153 2765 174 2796 9
214 2763 372 2804 Πρῶτον
413 2777 480 2808 μεν
517 2760 558 2799 τό
592 2777 694 2805 τινος
729 2763 783 2810 ἕχ.
855 2768 995 2801 Eadem
1011 2772 1220 2802 structurae
1238 2770 1344 2810 ratio,
1364 2775 1531 2812 quaeest

108 2809 301 2843 Primum
319 2811 435 2853 quod
459 2813 576 2855 quis,
601 2822 696 2846 cum
714 2812 788 2845 ha·
858 2824 893 2856 p.
914 2815 1028 2847 144A.

1553 1859 1619 1890 200
