1716 2970
144 185 200 227 30
666 174 1041 213 PROLEGOMENA.

147 295 329 336 tribuerit
348 291 481 337 salsas,
504 297 632 331 tamen
653 298 851 338 nunquam
874 285 939 336 qui
964 283 1077 323 salsas
1105 280 1307 322 contundit
1327 290 1415 319 cum
1436 279 1551 323 veris,

147 350 244 445 {alsa
264 362 308 429 se
328 347 478 401 opinari
499 343 751 386 arbitrabitur
772 352 898 394 neque
919 351 1017 391 quae
1037 338 1161 378 nescit
1181 336 1333 377 nescire
1354 334 1426 375 sibi
1444 333 1554 374 vidc-

177 407 255 446 itur
282 405 308 455 ).

260 460 345 500 Non
367 458 475 510 prius
495 456 613 507 igitur
634 453 725 505 quid
747 453 797 493 sit
813 450 905 491 falsa
921 449 1050 502 opinio
1067 447 1248 499 cognosci
1266 446 1419 498 poterit,
1437 454 1555 495 quam

150 516 334 557 scientiae
355 515 429 553 vim
453 506 773 564 aperuerimu32).

262 570 307 610 11.
340 569 498 609 Rectam
521 566 742 618 opinionem
759 561 923 602 multum
940 560 1084 599 distare
1104 570 1124 598 a
1146 557 1302 597 scientia
1324 555 1414 595 inde
1435 565 1554 606 appa-

150 638 240 667 rere
269 626 448 668 docetur,
480 621 583 673 quod
609 619 840 673 plerumque
871 615 1037 660 iudices,
1066 623 1299 668 quamquam
1327 622 1427 664 quae
1454 609 1557 649 facta

151 686 242 723 sunt
262 680 456 723 nesciunt,
479 683 607 717 tamen
628 686 718 714 vera
738 674 944 725 opinantes
963 674 1070 709 recte
1090 664 1358 717 decernunt⁸).

154 791 175 833 ἑ
264 736 304 776 C.
335 734 464 774 Tertia
484 732 666 771 scientiae
687 729 878 768 definitio:
907 722 935 779 ἡ
955 721 1064 778 μετὰ
1092 722 1232 775 λόγου
1259 717 1429 774 ἀληθὴς
1449 717 1556 767 δόξα

178 789 308 843 πιστή
342 804 382 842 η.

265 847 293 886 1.
308 804 476 896 μΛόγον
511 845 537 882 i.
572 854 605 882 e.
634 840 899 880 definitionem
935 835 1125 876 elementa
1159 844 1291 872 rerum
1328 829 1557 874 excludunt;

155 907 317 956 possunt
337 901 451 944 enim,
473 910 560 938 cum
581 896 673 937 solis
690 894 868 934 sensibus
885 891 1163 944 percipiantur,
1181 893 1329 928 tantum
1351 885 1558 926 nominari.

156 958 232 998 Sed
253 968 352 1009 quae
374 967 420 994 ex
442 956 487 994 iis
508 952 720 1004 composita
741 954 842 995 sunt,
864 960 908 988 ea
924 945 1131 987 afferendis
1150 943 1226 983 illis
1245 943 1339 995 ipsis
1358 940 1564 981 elementis

156 1012 341 1065 explicari
362 1016 400 1050 et
419 1008 603 1060 cognosci
622 1005 836 1059 possunt⁴).

269 1068 375 1114 Quae
404 1077 467 1104 res
498 1065 529 1103 si
562 1064 612 1103 ita
641 1074 682 1103 se
710 1060 848 1105 habet,
877 1058 1090 1110 permirum
1119 1060 1195 1099 est,
1225 1052 1326 1104 quod
1357 1050 1563 1091 elementis

156 1124 298 1176 ignotis
319 1127 448 1162 tamen
469 1121 643 1159 sciuntur
665 1128 763 1169 quae
783 1127 830 1155 ex
851 1115 897 1153 iis
917 1112 1080 1153 conflata
1102 1115 1191 1150 sunt
1203 1108 1245 1159 ⁵).

270 1178 344 1217 Sed
364 1177 528 1216 sortasse
549 1173 653 1226 quod
674 1185 720 1213 ex
743 1169 944 1211 elementis
972 1163 1278 1217 congruentibus
1305 1161 1563 1214 compositum

159 1240 236 1280 est,
272 1238 394 1273 totum
432 1228 567 1284 (ὅλον)
605 1227 798 1281 quoddam
829 1231 888 1264 est
922 1223 970 1263 ab
998 1221 1199 1262 elementis
1228 1219 1325 1271 ipsis
1354 1217 1560 1256 diversum.

160 1288 271 1337 Quod
293 1289 324 1328 si
353 1289 403 1327 ita
432 1290 552 1330 esset,
589 1290 711 1323 totum
739 1281 933 1321 diversum
963 1283 1067 1319 esset
1094 1275 1142 1316 ab
1173 1275 1279 1315 omni
1308 1271 1434 1325 (πᾶν).
1485 1270 1565 1311 Sed

160 1344 263 1397 quod
286 1349 323 1383 et
342 1348 465 1382 totum
487 1346 525 1380 et
545 1351 661 1379 omne
682 1343 741 1378 est
761 1337 822 1376 cui
843 1334 938 1374 nihil
958 1334 1083 1376 deest,
1107 1331 1221 1371 etiam
1241 1334 1363 1369 totum
1386 1327 1486 1367 idem
1507 1330 1566 1366 est

161 1399 264 1451 quod
285 1410 420 1438 omnes
446 1393 628 1448 partesss).
681 1394 750 1433 Sin
772 1403 863 1431 vero
885 1389 1093 1430 conflatum
1114 1385 1208 1426 illud
1239 1397 1314 1425 una
1336 1388 1394 1423 est
1414 1387 1453 1422 et
1472 1382 1567 1421 sim-

160 1455 247 1509 plex
270 1455 416 1498 forma,
439 1452 584 1504 pariter
604 1455 718 1501 atque
739 1447 929 1487 elementa
951 1443 1134 1495 cognosci
1154 1452 1232 1480 non
1253 1443 1380 1492 potest
1389 1435 1432 1488 ⁷).

273 1509 424 1561 Ubique
445 1518 543 1558 quae
564 1506 691 1558 primo
712 1503 916 1546 discimus,
947 1511 1025 1539 non
1047 1497 1327 1537 elementorum
1348 1499 1439 1533 sunt
1458 1503 1565 1532 com·

162 1565 374 1619 plexiones‚
398 1562 465 1602 sed
488 1561 678 1601 elementa
698 1560 793 1610 ipsa,
809 1563 923 1608 atque
944 1567 1022 1607 quo
1043 1553 1129 1603 quis
1150 1562 1284 1591 eorum
1300 1548 1416 1588 habet
1432 1547 1567 1598 cogni·

163 1622 308 1699 tioneirsi
331 1618 631 1661 accuratiorem,
654 1627 701 1654 eo
722 1612 861 1653 melius
881 1622 979 1663 quae
1001 1621 1047 1649 ex
1069 1609 1115 1647 iis
1135 1606 1345 1657 composita
1368 1608 1458 1643 sunt
1477 1613 1566 1653 per·

164 1676 278 1729 spicit
308 1674 334 1725 ).

277 1730 322 1770 ΙΙ.
357 1728 433 1769 Sed
455 1733 497 1767 ut
515 1729 592 1767 iam
614 1724 880 1765 examinemus
899 1719 1163 1761 definitionem
1184 1718 1327 1768 ipsam,
1356 1712 1565 1753 videndum

166 1786 280 1828 nobis
301 1790 378 1831 est,
399 1782 491 1836 quid
513 1783 563 1822 sit
582 1780 676 1820 illud
698 1774 805 1832 μετὰ
827 1775 974 1829 λόγου.
1004 1769 1149 1825 Λόγον
1170 1772 1272 1812 enim
1289 1768 1430 1822 triplici
1451 1767 1570 1807 modo

167 1844 477 1893 interpretantur
490 1837 532 1890 9).

283 1895 319 1936 1.
352 1892 497 1946 Λόγος
527 1897 586 1932 est
612 1891 747 1931 oratio.
804 1888 910 1934 Quae
947 1885 1127 1937 quoniam
1156 1880 1338 1922 omnibus
1373 1878 1569 1923 tribuitur,

170 1953 330 1994 scientia
350 1961 505 2001 semper
527 1952 630 1988 esset
649 1946 853 1986 coniuncta
875 1954 962 1982 cum
984 1951 1074 1980 vera
1095 1938 1277 1990 opinione
1290 1933 1350 1988 ¹⁰).

279 2005 318 2047 2.
350 2003 494 2057 Λόγος
514 2009 572 2043 est
593 2001 874 2042 elementorum
903 1995 1163 2039 enumeratio,
1192 1991 1333 2045 quibus
1361 2002 1424 2030 res
1452 1999 1569 2041 quae·

170 2077 246 2117 que
267 2066 428 2103 constat.
480 2058 555 2100 Sed
578 2057 760 2110 quoniam
781 2065 897 2094 nemo
918 2057 1026 2092 recte
1046 2050 1228 2103 opinatur
1247 2047 1322 2087 nisi
1350 2045 1416 2097 qui
1436 2053 1572 2084 rerum

171 2119 362 2160 elementa
385 2115 523 2155 ordine
545 2122 775 2154 enumerare
795 2114 940 2163 potest,
962 2112 1069 2147 recta
1089 2104 1219 2157 opinio
1249 2113 1336 2142 cum
1358 2099 1571 2139 elemento-

165 2186 257 2229 ¹rum
281 2171 575 2213 enumeratione
595 2168 802 2208 coniuncta
822 2175 901 2204 non
920 2162 1023 2202 idem
1046 2166 1105 2200 est
1125 2157 1227 2211 quod
1249 2157 1407 2197 scientia
1425 2152 1485 2204 ¹¹).

283 2227 322 2268 3.
364 2224 508 2277 Λόγος
542 2229 601 2264 est
634 2221 836 2274 explicatio
873 2222 1075 2261 notarum.
1107 2213 1247 2267 quibus
1280 2209 1475 2264 quomodo
1510 2220 1574 2248 res

173 2295 350 2338 quaeque
373 2281 420 2321 ab
443 2280 526 2320 aliis
547 2279 699 2319 differat
719 2275 976 2327 cognoscitur.
1007 2272 1140 2311 Potest
1160 2274 1287 2309 autem
1309 2278 1359 2306 ne
1379 2265 1468 2305 talis
1488 2264 1574 2316 qui-

174 2341 261 2381 dem
285 2337 486 2390 explicatio
507 2347 528 2374 a
549 2345 638 2374 vera
660 2332 841 2383 opinione
861 2339 1030 2380 unquam
1052 2325 1201 2365 abesse.
1240 2323 1281 2363 Si
1301 2327 1430 2361 autem
1451 2317 1572 2371 expli·

175 2396 276 2436 catio
297 2405 342 2434 eo
363 2392 550 2445 pertinet,
585 2395 627 2429 ut
646 2388 733 2440 quis
752 2386 894 2426 habeat
920 2384 978 2424 rei
997 2381 1219 2425 scientiam.
1246 2378 1405 2418 scientia
1433 2374 1574 2415 dicitur

175 2456 281 2492 recta
303 2449 434 2501 opinio
456 2458 545 2486 cum
565 2444 723 2485 scientia
745 2436 1022 2488 coniuncta¹²).

287 2504 393 2552 Quae
421 2514 510 2542 cum
539 2502 588 2540 ita
616 2501 711 2544 sint.
743 2508 870 2549 neque
896 2504 1078 2535 sensuum
1108 2488 1308 2544 perceptio
1337 2497 1465 2538 neque
1485 2495 1576 2523 vera

178 2562 309 2615 opinio
329 2570 457 2609 neque
479 2556 650 2597 definitio
671 2565 760 2594 cum
781 2563 872 2591 vera
893 2550 1077 2602 opinione
1105 2545 1307 2587 coniuncta
1336 2541 1497 2582 scientia
1519 2546 1577 2578 est

178 2616 352 2658 dicenda.
384 2614 516 2665 ltaque
535 2623 634 2663 quae
655 2609 849 2649 nescimus
868 2617 947 2645 non
969 2601 1244 2645 arbitrabimur
1263 2599 1364 2639 scire
1377 2594 1436 2647 13).

271 2717 304 2755 1)
331 2725 363 2758 p.
390 2709 661 2746 mec-2000.
751 2706 787 2748 2)
812 2717 845 2749 p.
870 2703 1023 2739 eoocn.
1114 2700 1149 2741 3)
1173 2710 1208 2743 p.
1234 2693 1510 2731 soon-2010.

179 2761 215 2803 4)
241 2772 276 2804 p.
302 2756 579 2825 ‘²⁰¹⁰‘2‘Jffn'
676 2752 713 2792 5)
737 2762 771 2794 p.
794 2746 1096 2832 &Be-²⁰23.
1114 2743 1272 2822 magn
1299 2738 1577 2825 pppis-2333}

183 2848 238 2890 ιι)
262 2803 303 2892 ἔ.)
321 2800 596 2881 ἕόἓὲδ-(Ξεοέὲ.
644 2796 817 2884 8>1¹’2‘)⁹³1¹3.⁶
823 2800 1099 2872 20802-2103.
1193 2830 1249 2874 13)
1273 2841 1309 2873 p.
1333 2795 1487 2863 21¹ocn.
1567 2803 1578 2814 ⁶
