1748 2950
202 159 282 200 148
756 163 827 197 ΠΛ
833 163 1030 198 Ammon

302 283 431 322 ΘΕΟ.
463 272 632 330 Ἱππέας
665 281 726 330 εἰς
761 282 918 323 πεδίον
950 282 1163 335 προκαλεΐ
1186 276 1401 337 Σωκράτη
1432 283 1493 331 εἰς
1526 278 1594 325 λό-

198 361 303 399 γους
326 341 678 402 προκαλούμενος
692 356 701 364 ·
729 343 866 404 ἐρώτα
889 339 970 389 οὖν
994 345 1066 389 καὶ
1091 343 1283 390 ἀκούσει.

300 417 397 456 ΣΩ.
430 409 562 456 Ἀλλά
584 429 655 469 μοι
681 415 822 469 δοκῶ,
849 405 882 456 ὦ
903 409 1118 469 Θεόδωρε,
1143 416 1248 470 περί
1267 430 1315 469 γε
1341 406 1404 457 ὦν
1428 410 1595 458 κελεύει

146 486 176 517 Ε
203 481 437 535 Θεαίτητος
460 477 513 522 οὐ
538 483 773 523 πείσεσθαι
796 475 928 539 αὐτῷ.

301 551 430 590 &EQ
474 548 530 590 Τί
550 544 604 602 δὴ
627 539 708 591 οὖν
731 542 784 590 οὐ
808 549 1061 600 πείσεσθαι;

298 618 396 657 ΣΩ.
434 612 662 657 Μέλισσον
685 611 766 670 μὲν
790 614 863 656 καὶ
885 610 985 664 τοὺς
1010 610 1168 664 ἄλλους
1183 646 1194 667 ,
1226 617 1272 656 οἳ
1300 616 1348 657 ἓν
1372 610 1494 665 ἑστὸς
1528 614 1594 657 λε’-

199 692 326 735 γουσι
348 676 397 722 τὸ
420 682 525 736 πᾶν,
545 677 857 737 αἰσχυνόμενος
882 677 941 737 μὴ
959 680 1176 737 φορτικῶς
1200 683 1446 737 σκοπῶμεν,
1465 673 1595 737 ἦττον

199 744 459 803 αἰσχύνομαι
483 742 510 802 ἢ
534 747 612 791 ἕνα
644 743 748 791 ὄντα
773 749 1070 805 Παρμενίδην.
1131 749 1415 804 Παρμενίδης
1449 747 1502 791 δέ
1521 766 1594 804 μοι

198 815 426 870 φαίνεται,
450 811 498 856 τὸ
520 814 599 857 τοῦ
616 811 830 871 Ὁμήρου,
854 811 1019 865 αἰδοῖός
1043 813 1092 857 τέ
1111 831 1183 870 μοι
1208 812 1319 858 εἶναι
1338 811 1425 871 ἅμα
1450 812 1592 867 δεινός

196 896 254 923 τε.
316 881 643 938 συμπροσέμιξα
683 879 766 937 γὰρ
809 876 860 937 δὴ
909 881 970 941 τῷ
1008 876 1139 936 ἀνδρὶ
1179 878 1297 924 πάνυ
1337 882 1434 933 νεός
1475 879 1592 926 πάνυ
1612 893 1643 916 ¹0

197 944 422 1004 πρεσβύτῃ
437 981 450 1004 ,
482 951 560 991 καί
578 965 650 1005 μοι
675 945 814 1004 ἐφάνη
838 945 978 1003 βάθος
1001 965 1041 990 τι
1077 950 1191 1004 ἔχειν
1214 945 1462 993 παντάπασι
1494 965 1590 1004 γεν-

196 1023 334 1057 ναῖον.
374 1016 594 1071 φοβοῦμαι
617 1009 698 1059 οὖν
720 1012 779 1071 μὴ
802 1011 904 1058 οὔτε
926 1011 979 1058 τὰ
1004 1011 1215 1070 λεγόμενα
1233 1016 1463 1071 ξυνιῶμεν,
1482 1019 1526 1058 τί
1546 1032 1592 1058 τε

197 1080 511 1137 διανοούμενος
543 1080 637 1125 εἷπε
668 1080 781 1125 πολὺ
812 1081 946 1125 πλέον
978 1078 1255 1137 λειπόμεθα,
1287 1081 1359 1125 καὶ
1391 1078 1438 1125 τὸ
1468 1082 1590 1138 μέγιυ

195 1161 314 1204 στον,
339 1141 393 1191 οὗ
418 1149 545 1192 ἕνεκα
568 1145 591 1192 ὁ
616 1145 742 1204 λόγος
767 1145 983 1205 ὥρμηται,
1019 1146 1254 1204 ἐπιστήμης
1278 1149 1400 1204 πέρι,
1427 1152 1471 1191 τί
1492 1146 1587 1192 ποτ’

195 1215 329 1271 ἐστίν,
355 1212 571 1259 ἄσκεπτον
595 1215 772 1272 γένηται
794 1212 881 1259 ὑπὸ
900 1217 988 1259 τῶν
1009 1211 1416 1271 ε’πεισκωμαζόντων
1433 1213 1589 1271 λόγων,
1611 1225 1642 1249 ¹⁵

192 1287 236 1325 εἰ
253 1299 318 1333 τις
342 1278 490 1333 αὐτοῖς
515 1285 728 1326 πείσεται’
755 1279 896 1335 ἄλλως
918 1299 964 1325 τε
982 1282 1055 1326 καὶ
1072 1277 1124 1326 ὃν
1141 1283 1226 1326 νῦν
1244 1282 1466 1338 ἐγείρομεν
1483 1279 1590 1337 πλή-

191 1354 266 1391 θει
290 1344 542 1406 ἀμήχανον,
577 1355 662 1393 εἴτε
696 1367 759 1400 τις
792 1350 840 1393 ἐν
870 1348 1074 1408 παρέργῳ
1105 1347 1335 1403 σκέψεται,
1367 1344 1511 1401 ἀνάξι’
1535 1343 1591 1392 α”ν

192 1412 352 1472 πάθοι,
387 1422 472 1459 εἴτε
505 1418 687 1472 ἱκανῶς,
720 1413 1019 1473 μηκυνόμενος
1049 1412 1098 1459 τὸ
1121 1416 1197 1471 τῆς
1222 1412 1456 1472 ἐπιστήμης
1478 1412 1589 1472 ἄφα-

139 1490 167 1519 B
194 1491 291 1526 νιεῖ.
338 1485 408 1526 δεῖ
430 1482 479 1526 δὲ
502 1479 737 1540 οὐδέτερα,
771 1481 881 1526 ἀλλὰ
907 1486 1144 1537 Θεαίτητον
1167 1474 1230 1526 ὧν
1253 1491 1352 1526 κυεῖ
1371 1481 1471 1540 περὶ
1497 1483 1588 1526 ἐπι-

194 1546 359 1606 στήμης
383 1552 624 1607 πειρᾶσθαι
647 1548 758 1607 ἡμᾶς
781 1552 834 1608 τῆ
858 1550 1084 1607 μαιευτικῇ
1108 1548 1237 1607 τέχνῃ
1260 1545 1487 1594 ἀπολῦσαι.
1607 1568 1639 1593 20

1590 1603 1610 1614 μ

109 1022 171 1053 184

281 1668 300 1698 7
323 1666 520 1719 σκοπῶμεν
545 1668 689 1702 91A³H³
714 1667 801 1699 Bklc.
812 1677 1069 1709 ,σκωπτωμεν
1091 1675 1112 1702 ς
1134 1671 1281 1699 auctore
1305 1667 1452 1699 Cornm
1444 1679 1486 1700 ιο

191 1713 211 1742 9
239 1721 304 1754 μοι
328 1708 425 1744 εἶναι
456 1723 535 1764 αμα
560 1715 606 1745 A·
616 1712 665 1744 11³
674 1713 716 1743 13⁸
727 1714 769 1744 Z‘
778 1721 798 1747 ς
826 1712 922 1754 Turn,
949 1708 1047 1744 εἶναι
1070 1711 1361 1752 om,l!c1f.Bkk.

190 1756 415 1789 ΨΙΔΠΙίλΙε.
426 1750 523 1799 ,ὃς
620 1749 720 1790 19ον
738 1757 882 1791 )[,.1Π

1483 1714 1522 1744 16
1543 1723 1589 1746 ον

236 1857 252 1886 1
262 1849 418 1893 Ιππέας
436 1853 489 1894 εἰς
512 1855 647 1889 πεδίον
663 1858 857 1899 προκαλεῐ.

190 1900 311 1932 Schol.
333 1901 376 1933 R.
401 1897 547 1939 Ιππεῖς
577 1902 856 1954 προκαλεισθαι

189 1941 245 1982 εἰς
262 1943 418 1986 πεδίον,
444 1940 508 1978 ἐπὶ
525 1944 598 1978 τῶν
614 1942 702 1984 τοὺς
725 1943 766 1979 ἔν
782 1956 855 1978 τισι

188 1988 359 2041 βελτίους
372 1987 438 2022 noel
451 1985 857 2045 ἕπιστημονικωτέρους

187 2029 313 2066 αὐτῶν
344 2031 398 2072 εἰς
423 2031 501 2076 ἔριν
526 2033 854 2087 προκαλουμένων.

192 2073 348 2111 Πλατων
381 2074 422 2112 ἐν
453 2075 645 2123 Θεαιτήτῳ
676 2078 741 2113 καὶ
773 2077 853 2113 Μέ-

188 2122 349 2164 νανδρος
378 2115 725 2180 Καταψευδομένῳ.
768 2120 854 2167 γρά-

188 2177 301 2208 φεται
325 2163 368 2200 δὲ
397 2166 461 2200 καὶ
490 2167 607 2202 ιππον
637 2166 691 2207 εἰς
719 2169 853 2202 πεδίον

185 2212 464 2251 προκαλεῖσθαι
479 2207 537 2245 ἐπὶ
561 2212 635 2246 τῶν
654 2207 741 2251 εἰς
725 2224 749 2245 α
768 2208 852 2255 βού-

186 2255 295 2289 λεταί
333 2267 390 2294 τις
436 2251 738 2299 προκαλούντων.
794 2258 851 2289 Cf.

188 2301 215 2331 1,
220 2300 406 2333 eutsehius
425 2301 470 2333 md
488 2302 591 2342 Diog.
611 2302 652 2334 V.
671 2302 707 2333 ΙΙ
724 2303 778 2335 96.

232 2347 253 2377 3
266 2339 369 2377 Ἀλλά
390 2356 454 2387 μοι
479 2346 577 2379 δοκῶ
602 2364 644 2369 -
667 2340 711 2380 οὐ
727 2346 848 2379 πείσε-

187 2389 294 2422 σθαι.
349 2390 460 2422 Non
506 2391 657 2432 placet
701 2391 849 2423 mihis.

188 2444 270 2466 non
301 2433 424 2466 lubet
454 2452 495 2456 —
527 2435 722 2477 obsequi.
779 2436 851 2467 Lo—

187 2478 320 2555 {lullenttlli
355 2489 487 2557 ξῧῧιὲε
506 2480 766 2557 igustravimus
805 2479 851 2512 ad

230 2533 287 2555 Iao
315 2533 341 2558 r,
556 2535 646 2556 mxu

230 2563 473 2600 6Μέλισσον.
504 2568 559 2600 cf.
576 2569 664 2611 prol.
688 2580 719 2610 p.
739 2570 781 2600 22
798 2579 851 2610 sq.

230 2613 250 2644 9
273 2606 314 2644 τὸ
338 2610 406 2644 τοῦ
427 2608 604 2667 Ομήρου.
634 2613 675 2646 11.
705 2613 759 2644 III
789 2615 851 2645 172

186 2652 334 2695 αἰδοιός
351 2654 390 2689 τέ
412 2657 480 2699 μοι’
494 2652 590 2699 ἐσσι,
616 2657 704 2698 φιλε
728 2651 847 2708 ἕκυρέ,

185 2696 312 2739 δεῖνός
333 2700 475 2735 τε.οᾱ
494 2702 615 2735 VIII..
596 2704 639 2722 θ’
664 2698 788 2740 δεινός
808 2705 847 2733 τ’

183 2741 334 2784 αἰδοιός
349 2755 400 2779 τε.

229 2787 572 2846 1οσυμπροσέμιξα.
583 2791 640 2824 Of.
650 2791 739 2841 prol.
750 2802 782 2833 p.
793 2793 846 2824 22.

229 2836 269 2867 12
298 2835 337 2867 τί
364 2846 404 2867 τε
431 2834 532 2869 διαν.
548 2853 591 2858 ——
615 2831 847 2891 λειπόμεθα,

925 1867 976 1889 ne
1006 1857 1140 1889 simus
1166 1856 1300 1888 multo
1328 1856 1586 1898 inferiores,

925 1912 1048 1943 quam
1073 1902 1147 1943 qui
1173 1911 1459 1943 assequamur
1485 1901 1587 1944 quid

924 1947 1104 1980 sentiat.
1143 1946 1278 1978 Eodem
1301 1945 1406 1978 modo
1428 1956 1461 1988 p.
1482 1947 1587 1979 1921)

923 1984 1203 2023 ἀπολείπεσθαι
1227 1990 1360 2022 dictum
1384 1994 1456 2023 est:
1501 1989 1587 2024 Νῦν

922 2031 1018 2068 πολὺ
1035 2036 1167 2068 πλεῖον
1184 2030 1426 2077 ἀπελείφθην
1446 2027 1474 2077 ἢ
1489 2030 1584 2068 τότε.

923 2081 980 2112 Cf.
1001 2080 1046 2111 ad
1063 2090 1096 2121 p.
1117 2079 1226 2112 1550.

968 2125 1008 2156 16
1025 2090 1145 2162 ἄλλως
1161 2134 1201 2157 τε
1216 2122 1292 2158 καί.
1318 2123 1504 2156 Particula
1519 2121 1584 2156 noel

922 2168 1029 2210 plane
1053 2179 1123 2200 uon
1147 2169 1304 2210 pertinet
1333 2167 1379 2200 nd
1395 2163 1515 2206 ἄλλως
1532 2178 1584 2209 τε,

922 2213 984 2245 sed
1002 2213 1251 2263 coniungenda
1263 2215 1320 2245 est
1333 2221 1412 2244 cum
1429 2222 1586 2255 sequeu-

920 2251 1189 2295 tibus.a2.1.o³9
1211 2266 1251 2290 τε
1275 2260 1396 2290 autem
1419 2261 1475 2290 est
1498 2257 1583 2288 ali-

921 2305 1094 2343 terque.
1113 2305 1457 2344 praetereaque,
1475 2300 1583 2333 adde

922 2347 1029 2388 quod
1054 2349 1091 2379 et
1112 2346 1326 2379 Germanice
1348 2345 1440 2378 verti
1461 2348 1584 2388 potest

919 2393 1000 2423 nnat
1050 2392 1246 2424 vomentis.
1307 2389 1443 2422 phaed.
1485 2391 1529 2423 87
1548 2390 1582 2422 D

919 2430 1016 2468 αλλά
1039 2432 1110 2478 γάρ
1131 2427 1182 2469 ἄν
1205 2433 1303 2486 φαίη
1327 2428 1488 2478 ἑκάστην
1510 2432 1583 2467 τῶν

919 2486 997 2523 ’ψυχ
1001 2479 1053 2513 ὧν
1078 2473 1199 2513 πολλα
1227 2473 1278 2512 σφ’
1306 2489 1380 2511 ατα
1410 2489 1527 2512 κατατ
1552 2479 1582 2512 ι’-

919 2524 1012 2574 βειν,
1030 2519 1150 2563 αλλως
1171 2533 1211 2557 τε
1230 2533 1281 2557 κα
1320 2519 1356 2556 εἰ
1377 2518 1500 2557 πολλὰ
1537 2535 1581 2567 τη

918 2563 1024 2613 βιῴη.
1040 2569 1097 2603 Cf
1110 2569 1152 2602 G.
1161 2569 1389 2601 normannus
1402 2567 1448 2600 ad
1459 2568 1581 2612 Viget

919 2615 984 2646 779
1000 2623 1053 2655 sq.

962 2653 1163 2700 ἐγείρομεν.
1195 2655 1252 2691 cf.
1271 2656 1317 2688 ad
1335 2667 1369 2699 p.

964 2704 1004 2734 19
1017 2701 1079 2735 δεῖ
1089 2697 1132 2735 δὲ
1145 2694 1337 2754 οὐδέτερα.
1339 2702 1463 2756 quq.
1472 2702 1578 2735 4⁹11)

914 2740 940 2789 ἢ
951 2745 1064 2779 τοῦτο
1075 2742 1146 2789 μὲν
1157 2740 1272 2779 οὐδὲν
1290 2746 1352 2779 δει
1362 2757 1479 2780 autor
1491 2740 1577 2781 ἐαυ-

916 2790 984 2823 τοῦ
1000 2801 1149 2834 αρχειν,
1166 2789 1242 2824 τῶν
1257 2787 1299 2823 δὲ
1317 2784 1452 2824 ἄλλων.

960 2826 1012 2868 ὧν
1039 2837 1136 2869 κυεῖ.
1187 2836 1243 2868 Cf.
1275 2846 1309 2878 p.
1332 2834 1429 2868 1518
1456 2834 1576 2869 ταῦτα

1388 2656 1498 2691 168Δ.
