1748 2944
693 137 996 176 ΘΕΑΙΤΗΤΟΣ,
1503 133 1559 176 73

132 263 272 308 ταῦτα
297 260 352 319 δή
376 275 466 318 σοι,
488 279 526 307 ω
545 255 718 317 ἄριστε,
744 259 873 303 ἕνεκα
890 257 1024 305 τοῦδε
1043 252 1265 313 ἐμηκυνα,
1290 249 1559 298 ὑποπτεύων
1577 266 1640 299 151

134 344 202 388 σε,
228 327 377 386 ωσπερ
402 330 475 374 καὶ
500 322 631 380 αὐτὸς
655 334 755 382 οἴει,
781 321 964 371 ‹natvm›
980 342 1022 368 τι
1045 321 1212 368 κύοντα
1237 325 1382 367 ἔνδον.
1419 335 1571 377 προσ-τ

134 398 275 457 φέρου
323 391 421 443 οὖν
451 394 561 455 πρός
607 413 661 453 με
710 389 770 446 ὥς
815 390 926 451 πρὸς
971 396 1104 450 μαίας
1150 388 1253 436 υἱὸν
1298 389 1374 435 καὶ
1421 385 1559 434 αὐτὸν
1576 400 1604 434 c

134 463 413 525 μαιευτικόν,
447 465 522 509 καὶ
554 460 582 508 ἃ
606 460 663 508 ἂν
687 464 857 522 ἐρωτῶ,
889 460 1131 519 προθυμοῦ
1161 456 1279 511 ὅπως
1312 454 1404 510 οἷός
1434 453 1476 502 τ’
1504 456 1558 513 εἴ,

100 552 273 586 5ουτως
305 529 647 590 ἀποκρίνασθαι.
720 530 794 575 καὶ
835 526 913 574 ἐὰν
951 525 1038 586 ἄρα
1078 523 1381 584 σκοπούμενός
1420 543 1462 570 τι
1495 543 1560 570 ων

134 598 193 647 ἂν
222 601 352 660 λέγῃς
382 594 617 658 ἡγήσωμαι
648 601 836 644 εἴδωλον
865 597 940 642 καὶ
981 593 1042 654 μὴ
1076 591 1266 652 ἀληθές,
1302 592 1399 639 εἶτα
1427 590 1559 646 ὑπεξ-

134 671 322 728 αιρῶμαι
352 669 437 713 καὶ
459 665 721 724 ἀποβάλλω,
756 663 818 723 μὴ
849 661 1074 722 ἀγρίαινε
1070 677 1229 719 ωσπερ
1261 664 1311 707 αἱ
1338 658 1567 719 nemrot&
1600 677 1602 679 ·
1629 675 1656 681 ”

132 754 203 782 not
223 736 331 795 περὶ
352 734 406 781 τὰ
431 738 601 781 παιδία.
658 733 823 779 πολλοὶ
847 750 932 790 γαρ
955 729 1087 789 ἤδη,
1103 724 1140 776 ὦ
1161 727 1414 789 θαυμασιε,
1449 726 1561 788 πρός

132 820 187 863 με
209 801 326 849 οὕτω
353 804 644 861 διετέθησαν,
670 815 788 847 ωστε
807 797 999 859 ἀτεχνῶς
1025 797 1209 845 δακνειν
1235 800 1401 856 ἕτοιμοι
1426 796 1567 854 εἶναι,

83 891 115 919 ιο
135 870 317 918 ἐπειδάν
339 890 440 918 τινα
464 874 604 930 λῆρον
621 868 771 915 αὐταῖν
793 865 1074 927 ἀφαιρῶμαι,
1105 867 1182 911 καὶ
1205 862 1288 911 οὐκ
1311 868 1487 911 οἴονταί
1506 882 1563 923 με

135 938 289 1000 εὐνοίᾳ
312 942 442 985 τοῦτο
473 949 639 992 ποιεῖν,
673 935 825 995 πόρρω
849 953 977 989 οντες
1008 938 1089 980 τοῦ
1114 937 1281 980 εἰδέναι
1311 931 1379 979 ὅτι
1410 929 1562 985 οὐδεὶς

133 1006 240 1060 θεὸς
259 1005 452 1060 δύσνους
470 1003 744 1063 ἀνθρώποις,
764 1000 865 1050 οὐδ’
890 1002 990 1062 ἐγώ·
988 1006 1186 1063 δυσνοίᾳ
1202 1003 1407 1048 τοιοῦτον
1424 997 1560 1046 ουδεν
1577 1015 1613 1068 D

135 1078 250 1132 δρῶ,
274 1070 388 1120 ἄλλά
409 1094 484 1133 μοι
506 1071 671 1129 ψεῦδός
694 1090 743 1118 τε
767 1073 1048 1131 ξυγχωρῆσαι
1065 1070 1140 1116 καὶ
1159 1068 1324 1128 ἀληθὲς
1342 1066 1562 1127 ἀφανίσαι

132 1139 340 1200 ουδαμῶς
362 1144 504 1201 θέμις.

85 1227 118 1254 15
234 1207 376 1257 VHI.
447 1207 595 1256 Παλιν
628 1206 682 1266 δὴ
714 1201 798 1254 οὖν
832 1209 875 1262 ἐξ
910 1205 1072 1265 ἀρχῆς,
1115 1201 1150 1251 ὦ
1183 1210 1420 1264 Θεαίτητε,
1462 1201 1486 1250 ὅ
1518 1209 1565 1250 τί

135 1274 232 1323 ποτ’
270 1278 390 1323 ἐστὶν
422 1275 636 1335 ἐπιστήμη
677 1277 815 1332 πειρῶ
847 1276 1013 1333 λέγειν·
1047 1272 1106 1328 (ὃς
1133 1272 1172 1319 δ’
1205 1272 1286 1332 οὐχ
1310 1271 1402 1326 οἷός
1432 1270 1472 1318 τ’
1504 1271 1559 1330 εἷ,

134 1340 346 1403 μηδέποτ’
381 1351 519 1405 εἴπῃς.
588 1343 666 1390 ἐὰν
697 1342 783 1403 γὰρ
807 1340 913 1396 θεὸς
947 1344 1080 1402 ἐθέλῃ
1112 1343 1188 1388 καὶ
1218 1339 1426 1401 ἀνδρίζῃ,
1468 1337 1560 1394 οἷός

134 1411 175 1458 τ’
205 1417 308 1459 ἔσει.
1568 1432 1570 1434 >

238 1485 397 1527 ΘΕΑΙ.
465 1476 609 1526 ’Ama
643 1480 815 1538 μέντοι,
859 1497 894 1524 ω
925 1476 1186 1536 Σώκρατες,
1229 1479 1312 1523 σοῦ
1352 1495 1404 1534 γε
1443 1473 1560 1522 οὕτω

83 1566 118 1593 20
133 1549 550 1607 παρακελευομένου
582 1545 766 1606 αἰσχρὸν
797 1545 857 1605 μὴ
890 1543 944 1592 οὐ
977 1546 1110 1591 παντὶ
1143 1543 1292 1606 τρόπῳ
1315 1552 1562 1603 προθυμεῖ-

135 1623 246 1661 σθαι
268 1635 291 1661 ο
316 1621 361 1661 τί
381 1634 446 1668 τις
470 1619 558 1674 ἔχει
582 1616 741 1677 λέγειν.
792 1618 916 1660 δοκει
942 1607 1028 1659 οὖν
1050 1632 1124 1672 μοι
1156 1611 1180 1658 ὁ
1205 1611 1493 1671 ἐπισταμενός
1518 1631 1559 1658 τι
1574 1626 1607 1659 Ε

135 1681 438 1729 αἰσθάνεσθαι
461 1686 591 1729 τοῦτο
613 1679 638 1728 ὃ
662 1684 916 1739 ἐπίσταται,
948 1682 1024 1727 καὶ
1048 1699 1107 1734 ως
1130 1699 1182 1739 γε
1205 1681 1312 1727 νυνὶ
1336 1684 1561 1739 φαίνεται,

136 1749 220 1796 οὐκ
243 1749 352 1796 ἄλλο
375 1755 421 1796 τί
444 1752 563 1797 ἐστιν
588 1747 854 1809 ε’πιστήμη’“
826 1769 854 1808 η
880 1756 1101 1808 αἴσθησις.

229 1883 250 1914 6
278 1877 543 1924 ὑπεξαιροῦμαι
571 1883 682 1924 ΒΙεΙσ.,
711 1877 978 1925 ὖπεξαίρωμαι
1005 1880 1103 1916 libri.

1210 1882 1232 1915 8
1260 1873 1354 1926 ἤδη]
1385 1876 1434 1925 δὴ
1463 1881 1562 1915 Plut.

141 1931 284 1969 quaest.
301 1927 399 1960 Plat.
417 1928 537 1960 9991).
632 1929 674 1961 10
691 1938 737 1970 με
755 1927 840 1962 add.
857 1927 947 1969 de.
968 1937 986 1959 e
1003 1927 1100 1959 Plut.
1120 1926 1144 1959 1.
1162 1926 1186 1959 l.

140 2049 206 2082 pes
236 2041 357 2079 erant,
390 2049 463 2081 qua
490 2039 566 2072 illis
590 2039 818 2092 temporibus

140 2084 324 2127 sophistae
341 2084 560 2125 floruerunt,
585 2086 742 2117 maxime
758 2085 820 2127 qui

140 2129 352 2172 eloquentia
389 2130 555 2172 insignes
586 2126 817 2171 (θεσπέσιοι)

141 2178 260 2209 erant.

187 2231 205 2262 1
229 2224 467 2264 ὑποπτεύων.
521 2231 596 2263 ‘De
619 2231 819 2274 participio

140 2278 223 2318 post
255 2271 367 2309 ἕνεκα
405 2273 520 2309 τοῦδε
561 2276 819 2318 explicationis

142 2330 255 2353 causa
271 2319 376 2353 illato
388 2321 538 2363 Protag.
546 2321 665 2363 348D,
677 2321 818 2354 Phaed.

142 2365 608 2399 102Dstsminnmnu1ns.

186 2423 206 2454 2
216 2415 539 2464 ὥσπερααὶαῦτόέ
548 2420 639 2455 οἰέι.
631 2434 639 2441 ·
655 2433 690 2465 p.
702 2423 818 2456 148E.

186 2478 242 2509 6(
255 2472 339 2510 εἶτα
361 2488 426 2521 pro
448 2476 516 2511 καὶ
540 2474 623 2511 εἶτα
647 2479 818 2521 positum,

142 2521 187 2554 de
210 2532 282 2565 quo
305 2533 375 2555 usu
396 2534 431 2557 v.
455 2523 503 2556 ad
534 2523 628 2566 apol
653 2534 689 2566 p.
712 2522 819 2557 2302

143 2565 448 2601 Sunnnumms.

187 2623 208 2656 8
224 2621 361 2656 πολλοὶ
377 2618 455 2667 ἤδη
475 2627 513 2657 et
528 2622 665 2657 πολλοὶ
683 2619 732 2663 δὴ
747 2634 820 2657 non

142 2667 198 2700 ita
244 2674 399 2710 possunt
450 2670 592 2723 pariter
640 2672 820 2712 usurpata

144 2712 280 2754 fuisse,
319 2716 362 2746 ut
398 2713 530 2748 πολλοὶ
562 2709 639 2758 ἤδη
680 2713 822 2756 plenior

145 2757 262 2789 forma
298 2758 375 2790 iure
416 2759 577 2797 dicatur,
628 2769 723 2801 quae
765 2763 821 2792 est

146 2801 380 2835 Stallbaumii
419 2802 488 2845 (ad
519 2803 819 2847 Phaed.1080)

145 2847 282 2890 opinio.
296 2847 405 2880 Suam
416 2850 510 2881 enim
522 2850 595 2882 vim
611 2853 648 2882 et
659 2852 823 2892 potesta-

887 2042 960 2072 tem
977 2041 1102 2071 servat
1119 2042 1275 2079 utraque
1289 2038 1488 2080 particula3
1508 2041 1565 2071 est

885 2084 1001 2127 igitur
1031 2082 1166 2116 πολλοὶ
1197 2080 1275 2126 ἤδη
1304 2084 1388 2116 iam
1416 2084 1564 2123 multi,

887 2130 998 2162 viele
1037 2129 1184 2168 sehon,
1222 2131 1259 2163 et
1295 2128 1562 2171 frequentatur,

886 2174 951 2206 ubi
972 2184 1030 2206 res
1059 2184 1080 2205 a
1103 2174 1227 2208 multis
1248 2174 1322 2206 iam
1350 2175 1475 2206 factae
1504 2174 1567 2207 vel

887 2219 967 2253 fieri
983 2218 1116 2252 solitae
1134 2223 1344 2260 narrantur,
1360 2217 1498 2252 πολλοὶ
1514 2214 1565 2261 δὴ

889 2268 1014 2297 autem
1038 2267 1094 2296 est
1123 2265 1252 2299 multi
1281 2275 1408 2306 sane,
1437 2265 1565 2297 wir-k-

890 2309 970 2342 lich
1009 2310 1134 2348 niele,
1172 2309 1227 2342 ita
1258 2313 1300 2342 ut
1338 2303 1386 2352 δη
1426 2310 1567 2343 habeat

888 2355 962 2388 vim
980 2354 1217 2388 confirmandi
1234 2358 1273 2388 et
1290 2355 1542 2390 asseverandi

934 2401 977 2432 20
995 2395 1152 2453 αἰσχρὰν
1169 2394 1220 2443 μὴ
1241 2411 1298 2433 ον.
1328 2402 1440 2434 ‘.Prot
1458 2401 1566 2434 3521)

889 2440 1049 2496 αἰσχρόν
1066 2455 1144 2479 εστι
1161 2444 1226 2478 καὶ
1234 2440 1324 2502 εμοὶ
1340 2445 1485 2497 σοφίαν
1500 2443 1567 2479 καὶ

889 2484 1101 2544 ἐπιστημην
1124 2486 1175 2534 μή
1200 2484 1287 2534 οὐχὶ
1304 2487 1458 2524 πάντων
1474 2487 1567 2531 noo?—

889 2544 1016 2569 τιστον
1034 2532 1159 2578 φοῖναι
1179 2531 1293 2570 εἶναι.
1316 2536 1441 2569 Erast.
1463 2536 1568 2569 139A

890 2577 1000 2633 αἰσχρ
1002 2575 1046 2614 ὂν
1079 2575 1120 2615 ἐν
1153 2577 1304 2619 τούτοις
1334 2599 1379 2604 —-
1412 2574 1463 2624 μή
1497 2591 1568 2623 ουχ

887 2620 1084 2668 ἡγεῖσθαι.
1125 2626 1220 2658 Xen.
1245 2625 1377 2669 Cyrop.
1396 2627 1431 2659 11
1448 2628 1486 2666 2,
1509 2627 1568 2667 20,

891 2670 934 2703 de
953 2680 1028 2713 rep.
1045 2672 1134 2704 Lac.
1145 2672 1232 2704 VI..
1213 2674 1246 2706 ⁶.)
1270 2671 1334 2704 Sic
1352 2672 1465 2704 etiam
1483 2675 1567 2727 post

890 2711 1172 2758 αἰσχύνεσθαι,
1225 2711 1416 2759 αἰσχῦχνην
1466 2725 1567 2749 ειναι

890 2760 1058 2803 aliasque
1083 2761 1278 2813 formulas,
1302 2763 1341 2793 in
1365 2762 1497 2803 quibus
1512 2761 1566 2793 la-

889 2808 946 2837 tet
984 2807 1151 2849 negatio,
1197 2801 1250 2849 μὴ
1296 2817 1342 2839 ου
1383 2805 1567 2839 infertur?

889 2849 1191 2884 STALLBAmnns.
