1748 2944
710 126 1006 161 ΘΕΑΙΤΗΤΟΣ.
1513 123 1568 167 93

251 251 412 292 ΘΕΑΙ.
436 241 617 302 Ἔγωγε.
1596 251 1660 284 159

250 319 351 359 ΣΩ.
376 309 590 359 Ἕκαστον
623 308 678 369 δὴ
711 311 802 356 τῶν
833 308 1101 368 πεφυκότων
1131 328 1174 355 τι
1205 319 1351 356 ποιεῖν
1384 307 1491 356 ἄλλο
1514 327 1568 367 τι,

149 379 256 427 ὅταν
278 373 362 439 μὲν
385 377 499 438 λάβῃ
531 377 791 437 ὑγιαίνοντα
816 376 1061 437 Σωκράτη,
1096 376 1153 431 ὡς
1187 379 1322 440 ἑτέρῳ
1356 396 1431 436 μοι
1464 375 1571 437 χρή-

151 463 296 505 σεται,
320 445 427 494 ὅταν
452 448 501 492 δὲ
524 445 827 504 ἀσθενοῦντα,
854 444 914 500 ὦς
938 448 1094 508 ἑτέρως

116 533 133 558 5
253 521 412 563 ΘΕΑΙ.
457 519 514 562 Τί
535 511 575 560 δ’
602 512 657 560 οὐ
682 515 852 573 μέλλει;

250 589 349 630 ΣΩ.
386 584 474 629 Καὶ
507 585 634 642 ἕτερα
666 582 722 640 δὴ
756 579 830 641 ἐφ’
856 583 1067 642 ἑκατέρου
1097 580 1372 641 γεννήσομεν
1404 580 1490 639 ἐγώ
1523 598 1572 626 τε

148 647 172 697 ὁ
196 649 380 710 πάσχων
403 652 479 696 καὶ
503 653 646 697 ἐκεῖνο
670 648 717 697 td
741 653 926 706 ποιοῦν;

253 724 413 765 ΘΕΑΙ.
458 723 513 764 Τί
534 717 645 777 μήν;

251 792 350 832 Σῼ.
375 786 512 832 Ὅταν
538 786 592 844 δὴ
617 786 742 833 οἶνον
765 791 881 832 πίνω
904 785 1144 844 ὑγιαίνων,
1179 783 1290 844 ἡδύς
1314 805 1386 844 μοι
1412 790 1574 844 φαίνε-

99 871 132 896 10
150 872 219 900 ται
244 855 318 899 καὶ
342 853 533 912 γλυκύς;

255 928 413 968 ΘΕΑΙ.
451 926 557 967 Ναί.

255 996 355 1036 Σῼ.
387 987 623 1048 Ἐγέννησε
654 989 738 1048 γὰρ
772 987 828 1048 δὴ
861 992 909 1035 ἐκ
939 993 1031 1035 τῶν
1062 989 1503 1049 προωμολογημένων
1526 987 1575 1034 τό

150 1076 197 1102 τε
223 1058 384 1102 ποιοῦν
407 1059 481 1102 καὶ
503 1056 552 1103 τὸ
576 1055 747 1117 πάσχον
769 1056 1022 1116 γλυκύτητα
1045 1075 1093 1103 τε
1116 1059 1190 1103 καὶ
1215 1065 1454 1115 αἴσθησιν,
1481 1055 1571 1115 ἅμα
1596 1067 1630 1099 D

150 1123 378 1183 φερόμενα
396 1122 647 1183 ἀμφότερα,
667 1127 741 1171 καὶ
760 1122 787 1183 ἡ
812 1125 895 1184 μὲν
919 1132 1128 1184 αἴσθησις
1152 1125 1262 1185 πρὸς
1279 1128 1360 1171 τοῦ
1379 1122 1576 1183 πάσχον-

100 1206 133 1233 15
151 1211 223 1245 τος
247 1186 359 1238 οὖσα
391 1194 725 1252 αἰσθανομένην
754 1193 837 1252 τὴν
868 1195 1077 1252 γλῶσσαν
1108 1191 1432 1253 ἀπειργάσατο,
1467 1191 1495 1250 ἡ
1526 1192 1575 1238 δὲ

151 1258 375 1317 γλυκύτης
405 1259 514 1320 πρὸς
551 1263 635 1306 τοῦ
670 1268 797 1307 οἴνου
830 1263 930 1320 περὶ
970 1260 1108 1307 αὐτὸν
1148 1263 1372 1322 φερομένη
1403 1259 1576 1319 γλυκὺν

151 1327 230 1372 τὸν
253 1326 378 1373 οἶνον
410 1331 464 1387 τῇ
495 1326 762 1388 ὑγιαινούσῃ
795 1327 967 1388 γλώττῃ
1006 1331 1212 1388 ἐποίησεν
1244 1329 1320 1375 καὶ
1353 1327 1468 1376 εἶναι
1499 1328 1575 1374 καὶ

153 1399 409 1452 φαίνεσθαι.

256 1469 414 1508 ΘΕΑΙ.
452 1461 585 1510 Πάνυ
616 1463 699 1522 μὲν
729 1459 813 1510 οὖν
844 1463 898 1510 τὰ
928 1462 1120 1525 πρότερα
1151 1462 1259 1523 ἡμῖν
1288 1462 1430 1518 οὕτως
1462 1463 1574 1523 ὡμο-

100 1545 134 1571 20
152 1528 322 1587 λόγητο.

253 1603 351 1643 Σῼ.
385 1595 520 1644 Ὅταν
551 1598 601 1644 δὲ
633 1595 937 1656 ἀσθενοῦντα,
974 1597 1081 1646 ἄλλο
1118 1619 1159 1646 τι
1195 1602 1374 1658 πρῶτον
1407 1600 1491 1659 μὲν
1521 1604 1574 1660 τῇ

150 1661 341 1725 ἀληθεία
366 1663 420 1712 οὐ
443 1663 523 1711 τὸν
548 1665 684 1713 αὐτὸν
703 1671 886 1726 ἔλαβεν;
906 1665 1102 1730 ἀνομοίῳ
1120 1666 1204 1729 γὰρ
1226 1667 1283 1727 δὴ
1300 1671 1570 1726 προσῆλθεν.

253 1739 412 1779 ΘΕΑΙ.
451 1737 557 1779 Ναί.

253 1807 352 1846 ΣΩ.
378 1798 534 1860 Ἕτερα
560 1801 615 1860 δὴ
640 1796 698 1847 αὖ
723 1801 1020 1862 ἐγεννησοῖτην
1043 1802 1068 1849 ὅ
1090 1822 1139 1850 τε
1161 1808 1356 1858 τοιοῦτος
1381 1802 1571 1864 Σωκρά-
1594 1817 1625 1850 Ε

99 1883 133 1909 25
151 1885 227 1925 της
251 1869 324 1912 καὶ
348 1866 375 1925 ἡ
400 1870 480 1913 τοῦ
503 1876 629 1914 οἴνου
653 1868 798 1929 πόσις,
818 1872 920 1928 περὶ
938 1871 1022 1930 μὲν
1039 1870 1120 1930 τὴν
1138 1875 1338 1930 γλῶτταν
1357 1879 1573 1930 αἴσθησιν

241 2022 282 2054 21
309 2033 345 2054 τι
362 2014 388 2065 ἢ
404 2020 552 2065 πρῶτον
569 2022 650 2062 Ξς,
668 2016 694 2067 ἢ
712 2034 781 2059 om.
798 2024 890 2058 Bkk.

940 2161 988 2193 H.
1007 2161 1031 2193 1.
1050 2165 1152 2195 sunt:

986 2219 1014 2251 Ι.
1041 2212 1087 2250 τὰ
1105 2217 1299 2261 γεννῶντα

1033 2265 1064 2296 1.
1088 2259 1130 2296 τὸ
1148 2259 1311 2308 πάσχονε
1332 2259 1542 2308 Σωκράτης

1030 2310 1062 2341 2.
1089 2306 1131 2342 τὸ
1149 2309 1306 2344 ποιοῦνε
1325 2306 1429 2350 οἶνος

151 2155 334 2189 diversum
353 2166 434 2189 esse
453 2157 498 2190 ab
516 2157 661 2190 homine
675 2158 826 2192 valente

153 2201 303 2242 statuit,
322 2212 394 2235 non
416 2202 454 2234 in
481 2212 524 2235 eo
546 2207 709 2236 moratur
730 2204 827 2237 idem

153 2245 285 2278 cadere
310 2247 349 2279 in
377 2247 558 2280 hominem
587 2249 827 2282 dormientem

152 2294 191 2323 et
203 2291 435 2333 vigilantem,
445 2293 483 2325 in
499 2293 680 2326 hominem
697 2305 826 2328 sanum

151 2338 190 2367 et
216 2336 398 2368 insanum.
429 2337 487 2370 Cf.
506 2348 540 2380 p.
559 2338 672 2371 1570.
704 2339 827 2373 Etiam

150 2380 235 2413 aliis
250 2381 342 2414 locis
358 2382 396 2414 in
413 2383 660 2425 exemplorum
679 2395 825 2418 enume-

150 2426 292 2458 ratione
321 2426 462 2469 aliquid
497 2428 740 2462 desideratur.
783 2431 824 2464 P.

151 2471 253 2504 156Β
274 2471 450 2505 Cornario
475 2471 673 2507 videbatur
695 2474 823 2508 deesse

150 2512 218 2548 καὶ
227 2510 374 2559 γεύσεις
388 2516 453 2551 καὶ
460 2518 601 2558 θίξεις,
609 2519 823 2554 Heindorfio

151 2557 219 2592 καὶ
234 2556 380 2603 γεύσεις
392 2587 400 2602 ,
427 2574 461 2606 p.
480 2564 581 2597 1783
609 2563 820 2607 Cornarius,

151 2604 372 2647 Stephanus,
391 2608 638 2650 Heindorfius‚
657 2609 722 2642 alii
736 2614 822 2653 post

150 2649 295 2682 λευκῶν
312 2652 493 2686 excidisse
515 2654 819 2688 existimaverunt

149 2691 333 2736 μελάνων.
358 2697 505 2731 Platoni
521 2700 613 2732 satis
628 2701 747 2733 visum
765 2706 820 2735 est

149 2749 209 2771 res
226 2741 401 2781 quasdam
417 2743 656 2786 significasse.

196 2785 237 2816 12
264 2779 304 2818 ἐκ
333 2785 407 2820 τῶν
435 2788 823 2834 προωμολογημένων,

149 2839 184 2862 v.
202 2839 237 2871 p,
256 2831 413 2868 156DE.
438 2833 535 2870 Hor.

985 2365 1034 2398 11.
1059 2359 1106 2398 τὰ
1125 2361 1344 2410 γεννώμενοι

1030 2411 1061 2443 1.
1086 2405 1109 2453 ἡ
1131 2410 1315 2455 αἴσθησις

1028 2456 1061 2490 2.
1087 2451 1130 2489 τὸ
1145 2453 1352 2500 αἰσθητόνι
1367 2453 1568 2502 γλυκύτης.

890 2510 1135 2546 Desideratur
1162 2512 1198 2548 h.
1227 2513 1252 2549 1.
1288 2519 1419 2557 gustus
1447 2518 1570 2558 noti03

891 2555 957 2589 sed
980 2567 1073 2590 voce
1101 2551 1264 2599 γεύσεως
1286 2559 1395 2594 Plato
1424 2561 1570 2594 videtur

889 2611 963 2634 non
978 2611 1067 2636 usus
1088 2613 1179 2639 esse.
1208 2603 1267 2638 Cf.
1288 2605 1335 2638 ad
1352 2616 1387 2649 p,
1408 2607 1522 2639 156Β.

934 2658 976 2690 21
998 2651 1118 2693 ‘'Ova-v
1151 2657 1196 2694 δὲ
1226 2654 1471 2695 ἀσθενοῦντα
1502 2666 1571 2698 ‘sm

889 2696 987 2746 λάβῃ
1003 2730 1014 2747 ,
1040 2705 1137 2748 quod
1161 2707 1399 2749 repetendum
1421 2718 1440 2739 e
1462 2718 1570 2750 prae—

918 2751 1032 2782 ressis
1071 2750 1145 2784 illis
1182 2751 1273 2785 licet
1310 2753 1569 2786 remotioribus

893 2804 988 2845 crecy
1014 2791 1084 2838 μὲν
1112 2791 1208 2840 λάβῃ
1231 2792 1461 2839 ὑγιαίνοντα
1485 2798 1568 2832 Σω-

893 2843 1042 2883 κρατη.’
1060 2841 1342 2875 ΗΕΙΝΒΟΒΡΙυ-ε.
