1748 2944
676 81 974 116 ΘΕΑιιἩΤοΣ.
1459 77 1540 120 139

222 206 320 246 ΣΩ
366 201 436 261 Τῷ
460 218 549 256 τοι,
575 192 610 244 ὦ
633 201 738 256 φίλε
763 194 997 254 Θεόδωρε,
1030 200 1200 255 μᾶλλον
1225 197 1440 242 σκεπτέον
1464 196 1538 242 καὶ

119 271 162 323 ἐξ
185 266 346 326 ἀρχῆς,
373 266 522 326 ωσπερ
545 264 673 313 αὐτοὶ
696 264 1019 312 ὑποτείνονται.
1561 272 1591 304 Ε

220 342 354 383 ΘΕΟ.
399 332 668 381 Παντάπασι
699 334 780 392 μὲν
812 353 908 380 ουν.
969 334 1044 380 καὶ
1075 352 1184 393 γαρ,
1217 351 1252 378 ω
1285 331 1540 389 Σώκρατες,

118 405 219 462 περὶ
241 402 412 450 τούτων
433 407 523 449 τῶν
541 401 903 461 Ἡρακλειτείων,
940 398 968 459 ἢ
994 418 1144 459 ωσπερ
1169 401 1227 447 σύ
1251 401 1393 459 λέγεις
1411 399 1540 460 “·Ομη

85 477 279 531 5ρείων,
316 472 388 517 καὶ
428 476 491 518 ἔτι
527 472 853 531 παλαιοτέρων,
890 467 1041 524 αὐτοῖς
1075 470 1158 529 μὲν
1191 480 1284 523 τοῖς
1321 469 1423 529 περὶ
1458 468 1542 526 τὴν

109 539 315 599 Ἔφεσον,
340 537 434 586 ὅσοι
460 544 810 598 προσποιοῦνται
836 542 1034 597 ἔμπειροι
1060 537 1191 596 εἶναι,
1211 536 1348 584 οὐδὲν
1372 541 1542 596 μᾶλλον

118 606 214 655 οἷόν
236 626 284 654 τε
309 611 600 667 διαλεχθῆναι
624 606 652 667 ἢ
675 618 768 661 τοῖς
791 608 1042 666 οἰστρῶσιν.
1088 603 1280 666 ἀτεχνῶς
1312 603 1397 664 γὰρ
1431 603 1542 651 κατὰ

117 674 170 722 τοὶ
195 674 514 735 συγγράμματα
547 677 782 735 φέρονται,
814 674 862 721 τὸ
887 671 931 721 δ’
959 677 1180 734 ἐπιμεῖναι
1214 675 1286 720 ἐπὶ
1318 671 1435 735 λόγῳ
1466 674 1541 720 καὶ

120 743 361 803 ἐρωτήματι
386 745 459 790 καὶ
483 742 678 803 ἡσυχίως
699 745 746 790 ἐν
769 746 892 802 μέρει
911 739 1244 801 ἀποκρίνασθαι
1263 743 1337 788 καὶ
1357 742 1541 800 ἐρέσθαι

70 832 100 858 ιο
120 806 249 871 ἦττον
281 811 433 866 αὐτοῖς
466 817 532 858 ἔνι
563 811 591 870 ἢ
623 812 671 858 τὸ
704 813 868 871 μηδέν·
903 814 1071 870 μᾶλλον
1106 811 1155 857 δὲ
1186 807 1458 870 ὑπερβάλλει
1490 807 1537 856 τὸ

117 878 214 927 οὐδ’
243 878 378 926 οὐδὲν
411 874 520 938 πρὸς
551 879 600 926 τὸ
634 880 746 939 μηδὲ
782 877 969 938 σμικρὸν
1001 880 1167 925 ἐνεῖναι
1197 890 1290 932 τοῖς
1321 877 1541 937 ἀνδράσιν

117 947 323 1008 ἡσυχίας·
355 945 454 994 ἀλλ’
481 946 538 994 ἄν
561 946 658 995 τινά
681 967 722 993 τι
747 953 849 1007 ἔρῃ,
885 944 1033 1007 ὥσπερ
1069 949 1117 993 ἐκ
1147 948 1371 1007 φαρέτρας
1403 949 1539 1007 ῥημα-

1566 818 1631 851 180

211 1095 224 1125 1
246 1090 311 1126 καὶ
329 1087 490 1147 ἔξαρχῆς
506 1093 554 1134 ³21,
572 1091 637 1125 καὶ
656 1086 696 1133 ἐξ
715 1086 832 1135 ἀρχῆς
850 1094 897 1125 Δὸ
906 1092 958 1125 11³
976 1092 1069 1133 Stb.‚
1088 1090 1155 1125 καὶ
1172 1103 1239 1127 οιιι.
1258 1100 1292 1128 ς
1371 1093 1392 1125 6
1410 1087 1541 1134 ἔμπει-

120 1149 178 1178 ροι
196 1134 312 1181 εἶναι]
334 1133 534 1180 ἐμπειρίαν
552 1138 643 1171 coni
664 1138 749 1171 Ore'
755 1138 824 1170 lius
853 1137 939 1171 coll.
956 1138 1058 1170 Prot.
1077 1138 1192 1171 323Β.

123 1183 522 1216 AHPABCHaboi.

1308 1133 1409 1171 εἶναι
1427 1148 1494 1170 οιιι.
1512 1137 1543 1172 5‘[

601 1185 619 1216 7
638 1194 738 1216 κατα
755 1182 874 1219 ςἾΔΠ
891 1183 978 1225 de.
998 1194 1043 1216 ex
1060 1183 1195 1216 Euseb.
1216 1186 1253 1216 et
1272 1182 1406 1225 schol„
1424 1180 1490 1216 καὶ
1508 1190 1540 1219 ς.

212 1230 253 1261 12
271 1240 306 1261 τι
324 1229 445 1264 ἳίΔΠ
459 1229 548 1270 de.
567 1239 586 1261 e
606 1229 750 1270 Fieino,
767 1239 825 1267 τις
842 1236 874 1264 ς

121 1352 230 1395 Gorg.
269 1353 378 1385 482ss
426 1353 540 1396 Legg.
580 1353 613 1387 11
658 1354 796 1389 6541&st

122 1399 429 1434 subruamus

167 1456 184 1487 1
223 1452 302 1500 Τῷ,
343 1455 535 1496 idcirco,
578 1457 697 1498 poetis
729 1456 797 1489 hoc

120 1488 331 1543 significatu
346 1500 525 1533 usitatum
548 1501 715 1534 omnibus
734 1501 795 1543 (cf.

119 1546 350 1578 Hermannus
377 1545 423 1578 ad
439 1546 563 1588 Viger.
587 1557 621 1589 p.
640 1546 718 1588 706)
741 1547 796 1579 le-

121 1591 218 1633 gitur
235 1591 348 1623 etiam
365 1591 466 1634 soph.
484 1593 551 1625 230
559 1591 598 1624 Β.

165 1648 186 1679 2
203 1641 474 1681 ὖποτείνονται
490 1647 587 1681 idem
605 1648 682 1682 fere
700 1648 797 1692 quod

121 1686 378 1745 ὖφηγρῦντικι.
417 1693 473 1745 Qf.
498 1704 532 1735 p.
552 1694 655 1726 1481)
674 1693 796 1734 καλῶς

123 1748 194 1780 γαρ
211 1749 296 1781 αρτι
313 1748 513 1781 υφηγησω.

167 1795 189 1848 4
216 1791 304 1835 περὶ
336 1788 480 1828 τούτων
507 1794 580 1827 τῶν
602 1790 671 1837 ‘HQ
676 1796 795 1829 ακλει

122 1837 246 1880 τείων,
268 1838 405 1880 ‘quod
429 1840 482 1871 ad
504 1839 797 1874 Heracliteos

123 1884 313 1924 attinet,
335 1883 378 1916 de
398 1895 468 1926 quo
486 1894 555 1917 usu
571 1885 745 1928 loquendi
762 1897 796 1920 v.

123 1929 169 1961 ad
181 1928 339 1961 Phaedr
351 1927 797 1964 25OC.’Sur„1,1³Aumns.

124 1973 354 2007 Heindorfius
378 1977 502 2007 autem
528 1976 650 2028 potius
675 1977 799 2009 existi-

122 2020 245 2052 stimat
257 2018 343 2062 περὶ
361 2015 504 2053 τούτων
522 2019 594 2054 τῶν
603 2016 799 2062 Ἡρακλει-

123 2064 236 2098 τείων
270 2067 401 2097 neutro
441 2075 571 2108 genere
612 2067 797 2109 accipere:

125 2110 176 2143 de
210 2109 493 2144 Heracliteis
527 2111 653 2145 hisce
690 2111 798 2155 dog·

126 2155 264 2189 matis.

166 2205 386 2254 Ὁμηρείων.
419 2211 477 2246 Cf.
496 2223 530 2255 p.
552 2214 614 2246 152
625 2213 664 2246 C.

170 2269 191 2300 5
209 2263 263 2300 ἔτι
286 2266 559 2311 παλαιοτέρων.
594 2269 797 2312 ‘Orpheum

123 2312 318 2355 intellegit.
358 2313 415 2347 cf.
437 2313 576 2355 Cratyl.
601 2315 705 2347 4Ο2Α
729 2319 798 2359 sq.’

124 2358 261 2435 ξξῖιιιὲιιιι).
303 2358 359 2391 Cf.
379 2359 545 2392 Lobeeki
562 2359 741 2402 Aglaoph.
763 2372 798 2404 p.

170 2460 248 2498 τοῖς
272 2457 358 2501 περὶ
381 2454 636 2503 τὴν’Έφεσον.
663 2461 802 2503 Ephesi

125 2503 338 2582 gzzffilitus
362 2508 399 2538 et
427 2508 536 2538 natus
565 2508 645 2538 erat
678 2510 715 2539 et
738 2507 800 2540 flo-

171 2606 190 2637 7
222 2599 321 2637 κατὰ
354 2601 400 2638 τά
439 2615 566 2650 συγγρ.
603 2604 798 2649 φέρονται,

126 2650 230 2682 ‘huo
247 2649 359 2683 illuc
382 2651 591 2684 feruntur
609 2653 800 2696 scripto-

126 2705 215 2727 rum
231 2696 577 2738 suoruminstar,
592 2697 800 2731 huiusmodi

127 2735 195 2783 ῥὀῇ
214 2742 250 2772 et
263 2739 451 2785 μεταβολῇ
465 2742 682 2784 plenorum!
700 2743 798 2777 Hor.

172 2797 214 2828 10
240 2788 264 2839 ἢ
292 2789 334 2828 τὸ
362 2793 520 2841 μηδέν(
532 2802 588 2832 est
611 2810 735 2843 quam
763 2801 800 2832 si

867 1353 983 1386 nihil
1014 1353 1146 1393 insit,
1172 1353 1268 1396 quod
1298 1353 1436 1386 dicitur
1461 1353 1544 1385 uni-

865 1409 970 1432 verse
990 1401 1028 1431 et
1043 1378 1314 1437 &nost-sumne&
1339 1398 1497 1431 STALLB.

911 1442 1056 1487 μᾶλλον
1074 1440 1118 1477 δε
1138 1438 1383 1495 ὑπερβάλλει
1407 1443 1544 1477 ‘Corri-

866 1490 922 1532 git
945 1489 1040 1533 quod
1062 1489 1167 1523 modo
1191 1489 1337 1522 dixerat
1360 1482 1383 1532 ἢ
1409 1484 1450 1522 τὸ
1474 1500 1545 1532 μη-

866 1500 946 1569 δέν.
1009 1534 1096 1567 Vult
1137 1535 1233 1568 enim
1272 1535 1391 1567 minus
1433 1535 1545 1567 etiam

867 1591 974 1622 quam
992 1580 1084 1612 nihil
1100 1580 1169 1613 hoc
1190 1581 1228 1612 in
1252 1590 1388 1623 genere
1414 1581 1458 1612 iis
1481 1579 1545 1612 tri-

865 1625 1046 1659 buendum
1067 1636 1159 1661 esse.
1204 1625 1310 1667 Quod
1329 1625 1473 1677 quidem
1493 1626 1546 1658 sie

867 1671 1055 1726 exprimit·
1088 1674 1165 1703 aut
1194 1672 1346 1714 potius
1376 1667 1418 1704 τὸ
1444 1664 1543 1703 οὐδ’

867 1710 986 1750 ουὸεν
1001 1716 1036 1752 h.
1055 1727 1085 1749 e.
1105 1716 1159 1756 id,
1179 1716 1275 1759 quod
1292 1727 1338 1749 ne
1356 1716 1450 1749 nihil
1467 1715 1545 1759 qui-

867 1761 948 1794 dem
973 1765 1044 1802 est,
1079 1764 1329 1804 exsuperat
1352 1759 1456 1804 (prae
1480 1761 1544 1794 illo

866 1803 1004 1850 μηδὲν)
1028 1807 1210 1839 ratione
1241 1807 1337 1839 eius
1360 1807 1544 1847 habita,

868 1851 983 1893 quod
1015 1862 1067 1884 ne
1100 1851 1335 1884 tantillum
1368 1851 1546 1894 quidem

867 1897 1036 1940 quietis
1064 1898 1109 1929 in
1137 1898 1194 1929 iis
1222 1897 1371 1929 inest)
1406 1897 1545 1930 Sum

868 1952 1050 1975 BAUMIUS.
1092 1942 1231 1974 Similis
1259 1942 1462 1994 hyperbole
1492 1942 1547 1974 in-

867 1988 1014 2042 v'enitur
1046 1998 1081 2029 p
1116 1989 1181 2020 192
1193 1988 1220 2019 Β
1241 1981 1545 2038 αδυνατώτερον

869 2029 924 2065 ἔτι
942 2026 1117 2083 ἐκείνων,
1136 2029 1172 2066 εί
1188 2027 1273 2066 οἷόν
1295 2043 1336 2066 τε
1355 2036 1393 2065 et
1409 2033 1546 2065 ibidem

869 2077 896 2110 C
915 2073 1042 2110 πάντα
1062 2076 1184 2111 ταῦτα
1194 2072 1432 2128 ὑπερβάλλει
1451 2071 1546 2111 αὸυ-

869 2121 989 2174 ναμίᾳ
1007 2121 1075 2157 τοῦ
1097 2117 1138 2156 ἐν
1155 2116 1288 2162 αὐτοῖς
1305 2122 1436 2167 ψευδῆ
1459 2134 1546 2157 τινα

868 2163 1042 2219 δοξάσαι.

915 2215 956 2246 12
986 2222 1107 2255 ωσπερ
1126 2207 1167 2246 ἐκ
1186 2211 1389 2257 φαρέτρας.
1424 2213 1546 2247 ‘Satis

868 2259 1042 2301 frequens
1060 2262 1117 2291 est
1133 2259 1308 2303 loquendi
1326 2259 1420 2292 haec
1437 2259 1546 2300 ratio,

869 2315 941 2346 qua.
965 2307 1074 2337 acute
1104 2308 1141 2337 et
1165 2305 1299 2338 acerbe
1322 2305 1382 2338 vel
1410 2305 1548 2338 acriter

870 2350 1016 2382 omnino
1034 2349 1134 2383 dieta
1151 2351 1239 2383 telis
1258 2353 1527 2392 comparantur.
1535 2353 1545 2369 ’

868 2395 1150 2429 Hemnonmns.
1194 2395 1250 2428 Cf
1284 2395 1548 2428 Stallbaumius

870 2439 918 2472 ad
941 2450 983 2482 sy
959 2450 1056 2483 y.mp
1080 2440 1196 2473 2193.
1241 2441 1298 2473 De
1330 2451 1367 2473 re
1391 2441 1474 2483 ipsa
1497 2441 1546 2472 cf.

870 2483 984 2527 Craty
986 2485 1009 2519 l.
1045 2486 1111 2518 413
1127 2487 1155 2518 Β
1200 2483 1267 2519 καὶ
1313 2480 1546 2537 ἐπιχειροῦσι

870 2497 1102 2583 βουλόμενοι
1114 2524 1410 2583 ἀποπιμπλάναι
1422 2541 1468 2583 με
1482 2524 1546 2563 αλ·

871 2574 933 2613 λος
955 2569 1053 2608 ἄλλα
1060 2570 1153 2626 ἤδη
1177 2573 1302 2630 λέγειν
1325 2574 1391 2609 καὶ
1414 2570 1545 2609 οὐκέτι

870 2619 1151 2675 συμφωνοῦσιν.
1172 2618 1191 2654 ὁ
1206 2618 1277 2664 μὲν
1291 2617 1362 2664 γάρ
1376 2620 1434 2659 τίς
1451 2630 1546 2664 φησι

870 2663 980 2698 τοῦτο
999 2661 1098 2699 εἶναι
1116 2665 1270 2699 δίκαιον
1286 2667 1363 2699 κτλ.

927 2705 1159 2753 ρηματίσκια
1196 2730 1242 2735 -—
1289 2705 1543 2749 ἀνασπῶντες.

870 2753 977 2834 {opii
1012 2755 1068 2789 Ai.
1101 2758 1167 2790 302
1206 2752 1341 2800 λόγους
1381 2750 1540 2790 ανέσπα.

901 2810 944 2832 PL
