1748 2944
676 96 976 131 ΘΕΑΙΤΗΤΟΣ.
1464 93 1544 137 143

120 216 424 275 θυμουμένου.
472 218 598 260 δοκεῖ·
617 206 702 259 οὖν
723 232 798 272 μοι
822 210 935 272 ἀρχὴ
961 212 1076 258 εἶναι
1101 215 1176 270 τῆς
1201 212 1399 266 σκέψεως
1423 210 1545 271 κινή-
1574 225 1634 257 181

122 301 232 339 σεως
266 287 388 342 πέρι,
421 281 551 328 ποῖόν
584 287 630 327 τί
659 298 764 328 ποτε
805 279 891 340 ἄρα
932 282 1134 339 λέγοντες
1169 280 1281 338 φασὶ
1313 278 1367 325 τοὶ
1398 279 1544 327 πάντα
1569 292 1596 324 C

123 360 357 399 κινεῖσθαι.
418 350 631 409 βούλομαι
665 349 714 395 δὲ
746 350 893 407 λέγειν
915 346 963 395 τὸ
986 346 1180 395 τοιόνδε·
1215 346 1405 408 πότερον
1431 350 1480 394 ἕν
1503 369 1546 395 τι

124 421 241 474 εἶδος
261 417 395 477 αὐτῆς
414 420 621 476 λέγουσιν
643 415 685 476 ἥ,
706 433 855 475 ωσπερ
875 418 970 476 ἐμοὶ
990 421 1212 476 φαίνεται,
1234 414 1338 473 ὃνός
1363 414 1423 476 μὴ
1443 419 1545 476 μέν·

87 503 103 529 5
122 508 188 535 τοι
211 486 350 548 μόνον
375 488 469 545 ἐμοὶ
495 490 696 543 δοκείτω,
721 483 832 531 ἀλλὰ
851 486 1093 544 συμμέτεχε
1117 486 1191 555 καὶ
1217 482 1289 543 σύ,
1315 488 1391 530 ἵνα
1417 488 1545 545 κοινῇ

122 571 374 615 πασχωμεν,
399 574 457 601 αν
479 574 520 600 τι
545 556 619 600 καὶ
646 557 737 614 δέῃ.
776 558 854 600 καί
873 573 946 612 μοι
965 555 1084 612 λέγε·
1110 556 1197 610 ἀρα
1215 561 1441 599 κινεῖσθαι
1466 573 1546 599 κα-

122 631 236 682 λεῖς,
277 643 384 670 οταν
424 643 466 669 τι
498 622 648 682 χώραν
682 625 730 668 ἐκ
760 621 905 682 χώρας
934 619 1187 681 μεταβάλλῃ
1224 619 1251 679 ἢ
1288 622 1361 667 καὶ
1404 624 1454 668 ἐν
1483 624 1545 684 τῷ

122 691 242 754 αὐτῷ
263 692 527 750 στρέφηται;

225 767 358 807 ΘΕΟ.
386 760 566 818 ’Έγωγε

72 843 104 867 10
224 835 323 874 ΣΩ.
369 830 507 874 Τοῦτο
531 827 612 886 μὲν
636 831 791 873 τοίνυν
811 830 862 872 ἓν
887 831 998 872 ἔστω
1026 826 1155 880 εἶδος.
1204 824 1312 872 ὅταν
1338 827 1387 872 δὲ
1411 821 1440 886 ᾖ
1465 827 1548 886 μὲν

125 899 172 942 ἐν
195 898 257 958 τῷ
281 896 425 958 αὐτῷ,
451 893 649 955 γηράσκῃ
677 895 726 940 δὲ
749 894 776 953 ἢ
802 900 941 953 μέλαν
967 897 1014 940 ἐκ
1038 898 1201 941 λευκοῦ
1225 893 1252 953 ἢ
1278 894 1473 953 σκληρὸν
1498 897 1546 941 ἐκ
1569 909 1602 940 D

121 967 320 1022 μαλακοῦ
343 968 570 1022 γίγνηται,
595 960 624 1020 ἤ
647 982 746 1009 τινα
770 961 911 1021 ἄλλην
929 960 1169 1009 ἀλλοίωσιν
1187 961 1439 1022 ἀλλοιῶται,
1460 958 1546 1022 ἆρα

123 1029 204 1079 οὐκ
227 1030 351 1087 ἄξιον
376 1034 527 1090 ἕτερον
553 1031 669 1084 εἶδος
694 1029 834 1089 φοῖναι
858 1030 1096 1090 κινήσεως;

225 1107 357 1147 ΘΕΟ.
383 1098 561 1159 ’Ἐμοιγε
593 1103 727 1145 δοκεῖ.

73 1181 106 1206 ¹5
228 1175 326 1215 2:52.
361 1165 623 1226 Ἀναγκαῖον
655 1168 736 1226 μὲν
770 1163 865 1214 οὖν.
916 1166 997 1214 δύο
1032 1166 1088 1226 δὴ
1122 1170 1236 1226 λέγω
1270 1166 1414 1214 τούτω
1448 1172 1546 1227 εἴδη

125 1234 360 1294 κινήσεως,
386 1233 647 1294 ἀλλοίωσιν,
672 1234 754 1293 τὴν
779 1236 828 1281 δὲ
853 1236 1113 1297 περιφοράν.

227 1311 359 1351 ΘΕΟ.
394 1302 561 1360 Ὀρθῶς
585 1322 636 1362 γε
660 1305 814 1361 λέγων.

228 1378 325 1418 ΣΩ.
371 1376 509 1419 Τοῦτο
532 1378 687 1418 τοίνυν
710 1369 826 1418 οὕτω
854 1371 1098 1431 διελόμενοι
1125 1371 1437 1432 διαλεγώμεθα
1460 1371 1546 1432 ἤδη

125 1451 215 1492 τοῖς
239 1438 291 1485 τὰ
317 1438 460 1485 πάντα
484 1438 704 1499 φάσκουσι
728 1449 954 1487 κινεῖσθαι
979 1442 1052 1486 καὶ
1081 1444 1331 1500 ἐρωτῶμεν·
1359 1440 1546 1500 πότερον

73 1524 106 1548 20
126 1511 214 1554 πᾶν
237 1527 348 1566 φατε
372 1505 628 1566 ἀμφοτέρως
653 1516 876 1554 κινεῖσθαι
900 1508 1151 1569 φερόμενόν
1175 1529 1221 1555 τε
1245 1510 1318 1555 καὶ
1343 1507 1544 1556 ἆλλοιού-
1569 1524 1598 1556 Ε

123 1594 281 1634 μενον,
307 1575 334 1634 ἢ
359 1574 406 1621 τὸ
430 1577 511 1635 μέν
534 1596 575 1622 τι
600 1575 880 1635 ἀμφοτέρως,
905 1577 954 1623 τὸ
980 1574 1024 1622 δ’
1051 1579 1232 1636 ἑτέρωςς

228 1651 361 1690 ΘΕΟ.
396 1641 523 1690 Ἀλλά
555 1643 614 1704 μοὶ
640 1642 717 1690 Δί’
748 1649 886 1703 ἔγωγε
919 1643 1000 1691 οὐκ
1034 1650 1118 1704 ἔχω
1144 1651 1309 1692 εἰπεῖν·
1343 1646 1463 1705 οἶμαι
1497 1644 1541 1692 δ’

124 1708 180 1758 ἂν
203 1710 342 1770 φάναι
367 1710 635 1771 ἀμφοτέρως.

218 1846 234 1876 1
259 1839 281 1887 ἡ
305 1840 403 1887 ἁρχὴ
429 1846 533 1880 Hsclz.
556 1845 600 1878 de
618 1846 822 1879 Heindorfii
841 1847 1064 1880 coniectura.
1181 1850 1201 1880 2
1227 1846 1323 1890 φασὶ
1346 1859 1415 1884 om.
1435 1848 1550 1886 ΓΛΞ

127 1889 445 1922 ZJYBCEFHZr
455 1891 566 1923 aboi.
703 1893 744 1924 16
762 1904 833 1935 την
848 1889 918 1935 μὲν
937 1886 1140 1926 ἀλλοίωσιν
1160 1895 1194 1926 Γ
1208 1895 1314 1929 Hscle
1440 1904 1546 1937 περι-

127 1931 267 1978 φοράν]
294 1930 419 1978 φοράν
436 1936 543 1969 Hselz.
564 1936 608 1968 de
626 1937 830 1969 Heindorfii
849 1939 1071 1971 coniectura.

172 2051 188 2080 1
205 2043 300 2091 ἆρχή
315 2049 539 2091 ‘praedicati
553 2052 678 2091 partes
696 2050 801 2092 agit?
872 2052 983 2083 etiam
1001 2051 1134 2084 afferre
1147 2052 1276 2087 locum,
1292 2053 1353 2095 qui
1368 2055 1424 2084 est
1438 2063 1548 2095 supra

126 2094 285 2128 STALLB.
872 2108 906 2139 p.
934 2097 1038 2130 1561)
1068 2108 1137 2139 sq.‚
1169 2099 1231 2130 ubi
1266 2098 1309 2131 de
1346 2098 1475 2130 eadem
1507 2109 1546 2131 re

174 2140 214 2171 16
245 2135 316 2182 τὴν
350 2136 394 2173 ὃε
428 2144 541 2172 antea
570 2141 704 2173 omisso
711 2135 803 2193 τήν
871 2153 1013 2196 semper
1030 2146 1216 2185 ponuntur
1239 2143 1422 2185 simplicia
1446 2154 1547 2186 φορα

126 2180 207 2226 μέν.
248 2184 304 2219 Cf
338 2196 372 2227 p
394 2186 498 2218 1921)
528 2183 593 2219 καὶ
622 2179 749 2219 οἱκούω
777 2180 803 2229 ἥ
870 2191 909 2220 et
941 2184 1145 2231 φέρεσθαι.
1192 2188 1428 2222 Steinhartus
1459 2199 1547 2222 vero

127 2241 214 2263 τινα
247 2223 376 2284 αλλην
400 2230 584 2273 αἴσθησιν
617 2226 801 2265 αἰσθάνο-
871 2244 905 2275 p.
925 2235 991 2266 210
1008 2236 1083 2266 not.
1101 2235 1144 2266 56
1166 2229 1384 2277 περιφοράν
1407 2235 1462 2266 ita
1486 2234 1546 2267 de-

126 2285 212 2317 μαι,
237 2286 321 2308 τοτε
340 2269 376 2308 δ’
396 2275 582 2319 αἴσθησιν
599 2287 670 2318 μεν
693 2271 800 2310 οὔδε-
872 2279 1008 2317 fendit,
1042 2282 1084 2311 ut
1112 2290 1191 2311 eam
1219 2279 1360 2312 idcirco
1387 2280 1547 2322 positam

125 2319 219 2362 μίαν
238 2318 309 2363 ἔχω
325 2321 404 2354 κτλ.
871 2334 950 2357 esse
967 2324 1077 2365 dieat,
1098 2325 1193 2367 quod
1212 2326 1259 2357 sit
1272 2326 1420 2358 Platoni
1434 2326 1544 2357 omni

171 2360 397 2409 περιφοράν.
457 2365 669 2399 Heindorfio
721 2378 801 2400 eum
870 2380 929 2402 um
946 2370 1144 2403 motionum
1164 2371 1448 2413 perfectissima.

128 2421 217 2443 voce
235 2411 294 2443 hie
313 2422 404 2454 opus
422 2422 502 2444 esse
515 2411 704 2444 videretur
721 2423 801 2445 mo-

129 2459 216 2487 tum
245 2457 289 2488 in
316 2457 596 2498 universum,
630 2468 702 2490 non
736 2458 802 2490 ali-

128 2511 236 2552 quam
256 2501 378 2545 φορᾶς
393 2506 534 2545 partem
553 2502 802 2546 significante,

131 2556 255 2588 φοραν
268 2548 516 2589 reponendum
531 2548 691 2590 putavit.
704 2550 801 2581 Lau-

129 2591 194 2622 dat
215 2594 340 2624 autem
361 2593 600 2626 Parm.1380
625 2588 803 2646 κινούμε-

128 2631 196 2668 νόν
213 2646 255 2686 ’γε
272 2629 297 2691 ᾗ
313 2633 468 2681 φέροιτο
490 2649 512 2678 η
540 2633 732 2694 ἀλλοιοῖτο
754 2650 804 2672 αν

130 2682 193 2731 (sc.
211 2677 252 2714 τὸ
271 2682 339 2733 εν).
356 2702 398 2707 -α
411 2681 487 2716 Καὶ
503 2679 604 2738 μὴν
599 2681 635 2717 εἰ
638 2681 803 2736 φέροιτο
917 2683 1016 2719 21τό
1032 2683 1103 2739 μέν
1120 2699 1204 2720 τι-
1218 2683 1258 2720 τὸ
1273 2682 1324 2720 δ’.
1343 2688 1401 2721 Cf
1413 2687 1455 2719 de
1471 2698 1548 2730 lep.

129 2721 171 2759 τὸ
191 2722 244 2767 ἓν,
267 2720 352 2770 ἦτοι
377 2723 418 2762 ἔν
435 2727 605 2781 τῷἊαυτῳ
632 2722 679 2762 ὂὶν
697 2740 801 2781 περι·
872 2731 923 2764 IV
940 2731 1041 2765 4360
1060 2729 1102 2765 τὸ
1120 2730 1190 2775 μέν
1210 2745 1244 2765 τι
1264 2728 1383 2766 αὐτοῦ
1402 2730 1547 2776 ἕστηκε,

131 2768 291 2825 φέροιτο
325 2767 447 2826 κύκλῳ
551 2769 802 2816 μεταλλαττοι
872 2770 1173 2811 τὸδὲκινεῖται.
1206 2778 1550 2811 Cf.St1llbaumius

130 2811 406 2861 χώρανὲτέραι
425 2808 468 2859 ’ἐξ
493 2817 635 2862 stipas.
677 2821 803 2853 Potuit
873 2821 1143 2856 a‹1Phil.13B.

917 2438 957 2470 17
970 2431 1116 2481 Ὀρθῶς
1130 2450 1171 2482 γε
1185 2435 1317 2482 λέγων.
1340 2439 1547 2472 Pronomen

873 2477 917 2515 σύ
936 2483 1124 2525 omissum,
1149 2487 1190 2516 ut
1213 2485 1334 2519 Alc.1
1359 2486 1464 2518 1311)
1489 2476 1548 2518 Εὖ

872 2539 914 2570 γε
942 2528 1082 2570 ποιῶν,
1112 2509 1140 2562 ὦ
1168 2525 1372 2582 Σώκρατες
1402 2529 1545 2582 (Hom),

874 2573 917 2606 de
921 2573 1006 2625 leg
1024 2575 1056 2606 X
1074 2575 1178 2607 901Α
1195 2568 1414 2618 Ὀρθότατοὲ
1436 2586 1478 2618 γε
1499 2573 1547 2608 εἰ·

871 2614 953 2651 πών
971 2618 1071 2658 (Sam.
1077 2619 1101 2661 )
