1748 2950
636 73 935 111 ΘΕΑΙΤΗΤΟΣ.
1416 69 1499 112 169

75 216 200 257 μενοι
233 193 513 256 παραλλάξας
543 190 788 274 προσβαλω
814 189 897 249 τὴν
930 190 1143 248 ἑκατέρου
1172 186 1279 243 ὅψιν
1310 186 1420 246 πρὸς
1450 185 1498 233 τὸ

75 263 307 324 ἀλλότριον
338 273 544 322 σημεῖον,
576 257 604 320 ’ἢ
635 261 709 306 καὶ
741 265 814 306 οἱα
844 278 895 305 τα
930 259 979 304 ἐν
1008 268 1100 310 τοῖς
1133 255 1392 315 κατόπτροις
1423 257 1499 314 τῆς

75 332 220 388 ὅψεως
260 331 407 390 παθη,
448 328 569 385 δεξιοὶ
607 333 668 383 εἰς
707 325 917 387 ἀριστερα
956 323 1305 385 μεταρρεούσης,
1337 322 1501 369 ταύτὸν

77 399 238 448 παθών
263 398 505 458 διαμάρτω
543 395 639 443 τότε
672 394 728 454 δὴ
753 399 991 454 συμβαίνει
1014 390 1042 452 ἡ
1069 394 1320 451 ἑτεροδοξία
1354 393 1428 437 καὶ
1451 391 1500 437 τὸ
1525 400 1561 432 D

42 485 59 511 5
78 471 222 527 ψευδῆ
247 466 454 523 δοξάζειν.

181 553 339 594 ΘΕΑΙ.
375 544 522 592 ”Εοικε
552 542 660 603 γάρ,
694 536 729 588 ὦ
754 540 1013 602 Σώκρατες,
1048 545 1311 598 θαυμασίως
1346 535 1405 593 ὡς
1429 540 1503 585 λε’-

78 634 170 675 γεις
192 614 241 661 τὸ
265 618 341 673 τῆς
368 612 496 671 δόξης
522 611 681 666 πάθος.

180 701 238 740 Σ
230 700 281 740 ΩΙ
315 693 409 739 Ἔτι
432 696 589 738 τοίνυν
613 687 734 737 καὶ“
710 709 816 736 οταν
840 687 1116 747 ἀμφοτέρους
1141 685 1404 745 γιγνώσκων
1427 686 1506 732 τὸν

78 762 161 822 μὲν
185 761 294 820 πρὸς
318 763 380 822 τῷ
409 757 675 818 γιγνώσκειν
700 756 1011 815 αἰσθάνωμαι,
1045 754 1122 802 τὸν
1158 756 1206 801 δε
1231 754 1317 814 μή,
1348 754 1430 813 τὴν
1456 755 1505 800 δὲ

28 847 62 871 10
78 833 250 888 γνῶσιν
272 832 350 875 τοῦ
383 829 535 887 ἑτέρου
566 826 624 886 μὴ
658 825 768 871 κατὰ
791 825 874 883 τὴν
898 831 1113 882 αἴσθησιν
1137 827 1244 882 ἔχω,
1277 821 1301 868 ὃ
1336 825 1385 869 ἐν
1415 834 1506 877 τοῖς

79 896 282 957 πρόσθεν
306 915 446 949 ουτως
471 900 624 953 ἔλεγον
647 913 722 940 και
745 912 831 952 μου
855 891 952 938 τότε
976 890 1058 938 οὐκ
1084 890 1343 950 ἐμανθανες.

184 982 341 1022 ΘΕΑΙ.
394 972 460 1021 Οὔ
485 972 568 1032 γὰρ
595 967 689 1019 οὖν.

177 1061 277 1101 ΣΩ.
334 1056 471 1100 Τοῦτο
503 1051 593 1111 μὴν
625 1057 800 1110 ἔλεγον,
840 1048 906 1096 ὅτι
942 1049 1205 1109 γιγνώσκων
1236 1050 1314 1096 τὸν
1355 1047 1508 1109 ’ἕτερον

81 1125 155 1169 καὶ
181 1120 504 1179 αἰσθανόμενος
534 1122 607 1166 καὶ
639 1119 720 1178 τὴν
753 1122 922 1177 γνῶσιν
945 1117 1055 1164 κατὰ
1077 1117 1160 1177 τὴν
1185 1125 1399 1178 αἴσθησιν
1425 1115 1504 1163 αὐ-
1529 1126 1562 1158 Ε

31 1206 64 1233 15
81 1192 161 1237 τοῦ
194 1194 307 1248 ἔχων
338 1186 551 1235 οὐδέποτε
583 1186 778 1246 οἰήσεται
810 1186 924 1233 εἶναι
957 1183 1093 1233 αὐτὸν
1125 1183 1277 1245 ’ἕτερόν
1310 1204 1411 1232 τινα
1445 1205 1509 1232 ων

83 1257 320 1317 γιγνώσκει
351 1275 398 1302 τε
422 1257 496 1302 καὶ
521 1255 783 1302 αἰσθάνεται
807 1256 881 1300 καὶ
905 1253 988 1312 τὴν
1011 1270 1180 1313 γνωσιν
1211 1256 1269 1300 αὐ
1293 1255 1368 1300 καὶ
1394 1256 1510 1300 ἐκεί-

84 1345 166 1372 νου
191 1330 278 1384 ἔχει
303 1322 412 1370 κατὰ
435 1323 517 1382 τὴν
541 1331 768 1382 αἴσθησιν.
818 1316 874 1380 ἦν
897 1322 982 1381 γὰρ
1007 1325 1156 1378 τοῦπος

188 1408 502 1451 ΘΕΑ1.Ναί.

187 1489 286 1530 Σῼ.
328 1487 631 1540 Παρελείπετο
656 1483 708 1527 δέ
739 1483 791 1540 γε’
812 1499 899 1527 που
923 1479 971 1526 τὸ
995 1483 1081 1526 νῦν
1106 1481 1368 1539 λεγόμενον,
1403 1483 1451 1527 ἐν
1476 1473 1513 1541 ᾦ

33 1568 67 1593 20
86 1549 142 1609 δὴ
174 1550 322 1609 φαμὲν
363 1548 446 1606 τὴν
479 1553 624 1608 ψευδῆ
660 1548 793 1604 δόξαν
826 1553 1063 1607 γίγνεσθαι
1097 1548 1145 1594 τὸ
1186 1546 1318 1608 ἄμφω
1351 1548 1511 1607 γιγνώ-

84 1633 247 1664 σκοντα
271 1619 345 1663 καὶ
379 1616 511 1677 ἄμφω
544 1613 718 1676 ὁρῶντα
749 1615 899 1675 ἤτινα
931 1614 1073 1675 ἄλλην
1107 1624 1322 1676 αἴσθησιν
1356 1621 1511 1676 ἔχοντα
1537 1626 1606 1658 194

179 1786 199 1817 3
217 1783 347 1825 δεξιᾶς
366 1781 420 1822 εἰς
437 1778 640 1826 αριστερὰν
660 1784 753 1817 coni.
770 1785 848 1816 Ast.
919 1780 1209 1827 μεταφερούσης
1226 1784 1325 1816 Hrm.
1346 1784 1390 1817 de
1406 1785 1512 1816 Butt-

87 1829 212 1862 manni
230 1829 458 1881 coniectura,
483 1824 736 1872 μεταιρούσης
758 1829 950 1881 Baiterus‚
974 1838 1307 1879 μεταστρεφουσης
1324 1829 1512 1862 &Vinckel-

88 1884 254 1906 mannus.
370 1875 390 1906 6
412 1869 462 1911 ὥς
480 1874 602 1909 etan
621 1874 722 1916 Tur„
747 1866 775 1918 ᾦ
793 1882 825 1910 ς.
942 1876 962 1907 9
985 1873 1048 1927 τῷ]
1074 1885 1115 1907 το
1133 1875 1392 1962 2tA³1l3
1415 1868 1473 1908 ὅτι
1491 1869 1510 1908 ὁ

89 1931 183 1962 γιγν.
200 1918 309 1951 Hsclc.
329 1919 372 1951 de
389 1918 595 1951 Heindorfii
612 1920 837 1953 coniectura.
943 1922 984 1952 15
1009 1911 1108 1963 ὧν]
1097 1913 1141 1952 ὃν
1159 1920 1338 1954 MAHeC

89 1966 131 1997 21
169 1963 353 2016 αἴσθησιν
387 1958 692 2017 αἰσθανόμενον,
729 1960 868 2007 ἔχοντα
904 1958 1052 2007 ἅμφοιν
1086 1965 1288 2006 Heusffius,
1325 1921 1513 2008 αἰῑῖῖθησιν

90 2006 228 2052 ἔχοντα
245 2003 406 2052 ἀμφοῖν,
425 2007 489 2042 καὶ
509 2005 647 2051 ἔχοντα
664 2003 813 2050 αμφοῖν
828 2010 1084 2043 Buttmannus.

134 2158 155 2188 3
184 2150 293 2196 δεξιὰ
311 2173 355 2178 --
373 2150 667 2198 μεταρρεούσης,
699 2155 764 2187 fa-

89 2200 277 2241 cientis,
295 2204 343 2232 ut
361 2200 764 2233 dextrasinistror-

23 2241 28 2245 ’
90 2255 164 2278 sus
178 2245 341 2279 fluant.
359 2241 441 2288 ῥἐῖν
456 2245 551 2278 enim
563 2246 714 2278 verbum
729 2250 764 2278 et

836 2156 920 2197 dus,
945 2167 1053 2199 quem
1073 2157 1245 2190 Socrates
1268 2169 1302 2200 p.
1324 2158 1423 2190 1920
1448 2169 1512 2200 po-

835 2206 962 2234 suerat
989 2202 1156 2237 alterum.
1205 2203 1364 2235 Primum
1388 2208 1511 2237 autem

835 2246 1017 2289 neglexit,
1037 2251 1078 2279 ut
1096 2248 1169 2280 iam
1187 2251 1297 2281 antea
1318 2250 1441 2281 omnia
1458 2260 1510 2282 er—

90 2291 245 2333 simplex
263 2294 301 2323 et
326 2301 406 2323 cum
429 2290 766 2333 praepositionibus

89 2335 253 2368 iunctum
267 2335 439 2369 factitiva
458 2339 643 2378 potestate
657 2346 764 2379 quar-

89 2385 166 2414 tum
184 2391 308 2413 casum
331 2381 538 2414 adsciscere
556 2381 679 2414 docuit
694 2381 765 2414 Lo-

90 2425 245 2458 beckius
262 2426 309 2458 ad
325 2425 380 2458 Ai.
393 2428 438 2459 40
454 2436 491 2468 p.
505 2427 547 2458 79
566 2426 620 2458 ed.
637 2428 668 2458 3.
693 2427 764 2459 Ne-

94 2479 163 2511 que
186 2470 294 2504 aliter
317 2471 529 2514 accipiendi
552 2467 591 2503 οἴ
613 2466 765 2513 ῥέοντες

92 2525 128 2556 p.
147 2515 266 2556 181A3
291 2519 376 2549 sunt
399 2517 496 2549 enim
522 2516 594 2558 qui
619 2517 764 2549 omnia

95 2559 244 2593 fluere
260 2565 442 2603 ponunt.

139 2605 159 2637 8
163 2598 245 2638 ’Έτι
257 2603 400 2640 τοίνυν.
419 2605 653 2649 ‘Repetenda
667 2606 764 2649 apud

93 2649 252 2682 animum
284 2661 304 2683 e
335 2652 565 2707 praegressis
591 2651 764 2704 apodosis

92 2693 204 2726 haec:
241 2690 336 2729 Τότε
353 2693 402 2747 ὃῂ
421 2693 624 2739 συμβαίνει
641 2691 665 2749 ἦ
690 2690 765 2730 ἕτε-

93 2737 252 2779 ροδοξία
268 2738 334 2773 καὶ
350 2737 391 2774 τὸ
414 2740 543 2784 ψευδῆ
562 2740 763 2782 δοξαζεινῖ

92 2783 370 2821 menonmus.
418 2788 486 2820 Est
510 2787 657 2820 errandi
688 2797 764 2820 mo-

834 2292 940 2324 randi
958 2302 1106 2334 genera,
1125 2294 1258 2335 quibus
1278 2303 1377 2326 error
1391 2294 1510 2327 exclu-

835 2346 896 2369 sus
930 2346 1004 2378 est,
1045 2349 1126 2371 eum
1160 2339 1303 2371 taeduit
1336 2340 1513 2382 exemplis

833 2381 1034 2415 illustrare

880 2450 923 2483 10
940 2444 980 2483 ἐν
999 2452 1081 2489 τοῖς
1098 2445 1286 2492 πρόσθενε
1305 2463 1339 2494 p.
1359 2452 1473 2485 192B.

879 2518 921 2550 19
937 2517 1210 2559 Παρελείπετο.
1249 2519 1358 2554 Plato
1376 2521 1513 2562 repetit

834 2565 1097 2617 quaep.193B
1123 2564 1282 2596 dixerat:
1324 2564 1511 2598 Λείπεται

835 2605 967 2640 τοίνυν
990 2619 1038 2640 τα
1062 2608 1187 2652 ψευδῆ
1220 2604 1387 2650 δοξάσει.
1438 2610 1510 2643 Sed

834 2655 946 2685 antea
976 2658 1181 2696 sumpserat
1212 2658 1406 2698 utrumqne
1437 2665 1510 2687 non

833 2699 932 2730 recte
950 2708 1057 2740 posse
1074 2700 1229 2742 percipi,
1252 2700 1286 2734 h.
1306 2700 1329 2732 1.
1354 2700 1512 2743 priorem

834 2752 953 2775 rerum
982 2745 1229 2786 cognitionem
1263 2745 1511 2778 obscuriorem

835 2787 1017 2830 quandam
1036 2790 1151 2832 ponit.
