<?xml version="1.0" encoding="UTF-8"?>
<!DOCTYPE html PUBLIC "-//W3C//DTD XHTML 1.0 Transitional//EN"
    "http://www.w3.org/TR/xhtml1/DTD/xhtml1-transitional.dtd">
<html xmlns="http://www.w3.org/1999/xhtml" xml:lang="en" lang="en">
 <head>
  <title>
</title>
<meta http-equiv="Content-Type" content="text/html;charset=utf-8" />
  <meta name='ocr-system' content='tesseract 3.04.00' />
  <meta name='ocr-capabilities' content='ocr_page ocr_carea ocr_par ocr_line ocrx_word'/>
</head>
<body>
  <div class='ocr_page' id='page_1' title='image "./operaomniarecens08platuoft/operaomniarecens08platuoft_0048.png"; bbox 0 0 1716 2970; ppageno 0'>
   <div class='ocr_carea' id='block_1_1' title="bbox 151 147 1046 199">
    <p class='ocr_par' dir='ltr' id='par_1_1' title="bbox 151 147 1046 199">
     <span class='ocr_line' id='line_1_1' title="bbox 151 147 1046 199; baseline -0.011 -9"><span class='ocrx_word' id='word_1_1' title='bbox 151 155 207 199; x_wconf 84' lang='lat'>36</span> <span class='ocrx_word' id='word_1_2' title='bbox 674 147 1046 184; x_wconf 75' lang='lat' dir='ltr'>PROLEGOMENA.</span> 
     </span>
    </p>
   </div>
   <div class='ocr_carea' id='block_1_2' title="bbox 154 251 1559 650">
    <p class='ocr_par' dir='ltr' id='par_1_2' title="bbox 154 251 1559 650">
     <span class='ocr_line' id='line_1_2' title="bbox 156 251 1554 318; baseline -0.01 -11"><span class='ocrx_word' id='word_1_3' title='bbox 156 262 423 318; x_wconf 76' lang='grc' dir='ltr'>(Σωκράτης)</span> <span class='ocrx_word' id='word_1_4' title='bbox 448 260 520 316; x_wconf 77' lang='grc' dir='ltr'>ὅτι</span> <span class='ocrx_word' id='word_1_5' title='bbox 547 262 666 303; x_wconf 83' lang='grc' dir='ltr'><strong><em>πᾶσα</em></strong></span> <span class='ocrx_word' id='word_1_6' title='bbox 686 258 852 313; x_wconf 77' lang='grc' dir='ltr'><em>ἀνάγκη</em></span> <span class='ocrx_word' id='word_1_7' title='bbox 883 259 950 311; x_wconf 81' lang='grc' dir='ltr'>εἴη</span> <span class='ocrx_word' id='word_1_8' title='bbox 977 257 1138 298; x_wconf 84' lang='grc' dir='ltr'><strong><em>τοῦτον</em></strong></span> <span class='ocrx_word' id='word_1_9' title='bbox 1167 252 1403 307; x_wconf 81' lang='grc' dir='ltr'><strong><em>ἐλλόγιμον</em></strong></span> <span class='ocrx_word' id='word_1_10' title='bbox 1460 251 1554 294; x_wconf 78' lang='grc' dir='ltr'>ενέ-</span> 
     </span>
     <span class='ocr_line' id='line_1_3' title="bbox 155 307 1555 386; baseline -0.011 -24"><span class='ocrx_word' id='word_1_11' title='bbox 155 325 279 386; x_wconf 52' lang='grc' dir='ltr'><strong><em>σθαι)</em></strong></span> <span class='ocrx_word' id='word_1_12' title='bbox 302 322 427 372; x_wconf 77' lang='grc' dir='ltr'><strong><em>εἴπερ</em></strong></span> <span class='ocrx_word' id='word_1_13' title='bbox 449 318 510 367; x_wconf 84' lang='grc' dir='ltr'>εἰς</span> <span class='ocrx_word' id='word_1_14' title='bbox 529 315 706 371; x_wconf 80' lang='grc' dir='ltr'><strong><em>ἡλικίαν</em></strong></span> <span class='ocrx_word' id='word_1_15' title='bbox 727 316 853 357; x_wconf 80' lang='grc' dir='ltr'><strong><em>ἔλθοι</em></strong></span> <span class='ocrx_word' id='word_1_16' title='bbox 873 314 1036 365; x_wconf 87' lang='lat' dir='ltr'>Terpsio</span> <span class='ocrx_word' id='word_1_17' title='bbox 1057 311 1288 365; x_wconf 85' lang='lat' dir='ltr'>respondet.-</span> <span class='ocrx_word' id='word_1_18' title='bbox 1309 307 1393 350; x_wconf 81' lang='lat' dir='ltr'>Kal</span> <span class='ocrx_word' id='word_1_19' title='bbox 1439 309 1555 361; x_wconf 77' lang='grc' dir='ltr'><strong><em>ληθῆ</em></strong></span> 
     </span>
     <span class='ocr_line' id='line_1_4' title="bbox 154 365 1556 431; baseline -0.012 -12"><span class='ocrx_word' id='word_1_20' title='bbox 154 391 220 431; x_wconf 77' lang='grc' dir='ltr'>γε,</span> <span class='ocrx_word' id='word_1_21' title='bbox 243 390 301 425; x_wconf 83' lang='grc' dir='ltr'>ως</span> <span class='ocrx_word' id='word_1_22' title='bbox 321 375 480 427; x_wconf 80' lang='grc' dir='ltr'><strong><em>ἔοικεν,</em></strong></span> <span class='ocrx_word' id='word_1_23' title='bbox 503 369 640 424; x_wconf 82' lang='grc' dir='ltr'><strong><em>εἶπεν,</em></strong></span> <span class='ocrx_word' id='word_1_24' title='bbox 663 373 726 412; x_wconf 89' lang='lat' dir='ltr'>hic</span> <span class='ocrx_word' id='word_1_25' title='bbox 747 384 845 424; x_wconf 92' lang='lat' dir='ltr'>quae</span> <span class='ocrx_word' id='word_1_26' title='bbox 866 369 980 409; x_wconf 89' lang='lat' dir='ltr'>modo</span> <span class='ocrx_word' id='word_1_27' title='bbox 1002 369 1102 408; x_wconf 87' lang='lat' dir='ltr'>dicta</span> <span class='ocrx_word' id='word_1_28' title='bbox 1123 372 1215 408; x_wconf 92' lang='lat' dir='ltr'>sunt</span> <span class='ocrx_word' id='word_1_29' title='bbox 1234 369 1286 406; x_wconf 82' lang='lat' dir='ltr'>ita</span> <span class='ocrx_word' id='word_1_30' title='bbox 1306 371 1434 418; x_wconf 88' lang='lat' dir='ltr'>potest</span> <span class='ocrx_word' id='word_1_31' title='bbox 1453 365 1556 404; x_wconf 84' lang='lat' dir='ltr'>affir-</span> 
     </span>
     <span class='ocr_line' id='line_1_5' title="bbox 157 421 1556 480; baseline -0.011 -6"><span class='ocrx_word' id='word_1_32' title='bbox 157 445 284 478; x_wconf 86' lang='lat' dir='ltr'>mare,</span> <span class='ocrx_word' id='word_1_33' title='bbox 307 438 348 471; x_wconf 90' lang='lat' dir='ltr'>ut</span> <span class='ocrx_word' id='word_1_34' title='bbox 367 442 502 471; x_wconf 86' lang='lat' dir='ltr'>revera</span> <span class='ocrx_word' id='word_1_35' title='bbox 524 442 565 468; x_wconf 87' lang='lat' dir='ltr'>se</span> <span class='ocrx_word' id='word_1_36' title='bbox 585 433 723 480; x_wconf 85' lang='lat' dir='ltr'>putare</span> <span class='ocrx_word' id='word_1_37' title='bbox 743 427 846 467; x_wconf 91' lang='lat' dir='ltr'>dicat</span> <span class='ocrx_word' id='word_1_38' title='bbox 866 425 969 469; x_wconf 83' lang='lat' dir='ltr'>sore,</span> <span class='ocrx_word' id='word_1_39' title='bbox 999 429 1042 464; x_wconf 89' lang='lat' dir='ltr'>ut</span> <span class='ocrx_word' id='word_1_40' title='bbox 1060 423 1313 466; x_wconf 79' lang='lat' dir='ltr'>Theaetetus,</span> <span class='ocrx_word' id='word_1_41' title='bbox 1342 422 1376 460; x_wconf 94' lang='lat' dir='ltr'>si</span> <span class='ocrx_word' id='word_1_42' title='bbox 1397 421 1436 460; x_wconf 88' lang='lat' dir='ltr'>in</span> <span class='ocrx_word' id='word_1_43' title='bbox 1456 425 1556 460; x_wconf 87' lang='lat' dir='ltr'>aeta-</span> 
     </span>
     <span class='ocr_line' id='line_1_6' title="bbox 156 475 1558 532; baseline -0.011 -3"><span class='ocrx_word' id='word_1_44' title='bbox 156 496 234 529; x_wconf 85' lang='lat' dir='ltr'>tem</span> <span class='ocrx_word' id='word_1_45' title='bbox 256 489 403 532; x_wconf 87' lang='lat' dir='ltr'>veniat,</span> <span class='ocrx_word' id='word_1_46' title='bbox 432 487 490 525; x_wconf 88' lang='lat' dir='ltr'>vir</span> <span class='ocrx_word' id='word_1_47' title='bbox 510 486 559 524; x_wconf 87' lang='lat' dir='ltr'>sit</span> <span class='ocrx_word' id='word_1_48' title='bbox 579 482 782 524; x_wconf 87' lang='lat' dir='ltr'>excellens.</span> <span class='ocrx_word' id='word_1_49' title='bbox 832 481 1085 522; x_wconf 85' lang='lat' dir='ltr'>Theaetetum</span> <span class='ocrx_word' id='word_1_50' title='bbox 1112 484 1241 518; x_wconf 90' lang='lat' dir='ltr'>autem</span> <span class='ocrx_word' id='word_1_51' title='bbox 1268 475 1493 517; x_wconf 86' lang='lat' dir='ltr'>vulneribus</span> <span class='ocrx_word' id='word_1_52' title='bbox 1521 481 1558 514; x_wconf 86' lang='lat' dir='ltr'>et</span> 
     </span>
     <span class='ocr_line' id='line_1_7' title="bbox 157 528 1559 584; baseline -0.011 0"><span class='ocrx_word' id='word_1_53' title='bbox 157 543 296 584; x_wconf 87' lang='lat' dir='ltr'>morbo</span> <span class='ocrx_word' id='word_1_54' title='bbox 318 542 538 582; x_wconf 76' lang='lat' dir='ltr'>confectum</span> <span class='ocrx_word' id='word_1_55' title='bbox 567 552 651 579; x_wconf 89' lang='lat' dir='ltr'>esse</span> <span class='ocrx_word' id='word_1_56' title='bbox 682 544 830 578; x_wconf 88' lang='lat' dir='ltr'>temere</span> <span class='ocrx_word' id='word_1_57' title='bbox 858 548 903 576; x_wconf 90' lang='lat' dir='ltr'>ac</span> <span class='ocrx_word' id='word_1_58' title='bbox 933 533 1038 575; x_wconf 89' lang='lat' dir='ltr'>nulla</span> <span class='ocrx_word' id='word_1_59' title='bbox 1065 535 1215 574; x_wconf 90' lang='lat' dir='ltr'>ratione</span> <span class='ocrx_word' id='word_1_60' title='bbox 1242 546 1263 573; x_wconf 88' lang='lat' dir='ltr'>a</span> <span class='ocrx_word' id='word_1_61' title='bbox 1284 528 1498 581; x_wconf 83' lang='lat' dir='ltr'>Socher01)</span> <span class='ocrx_word' id='word_1_62' title='bbox 1521 535 1559 570; x_wconf 87' lang='lat' dir='ltr'>et</span> 
     </span>
     <span class='ocr_line' id='line_1_8' title="bbox 157 593 656 650; baseline -0.012 -10"><span class='ocrx_word' id='word_1_63' title='bbox 157 599 315 641; x_wconf 86' lang='lat' dir='ltr'>Munkio</span> <span class='ocrx_word' id='word_1_64' title='bbox 326 596 355 650; x_wconf 81' lang='lat'>²)</span> <span class='ocrx_word' id='word_1_65' title='bbox 380 598 522 636; x_wconf 90' lang='lat' dir='ltr'>dictum</span> <span class='ocrx_word' id='word_1_66' title='bbox 544 600 603 635; x_wconf 88' lang='lat' dir='ltr'>est</span> <span class='ocrx_word' id='word_1_67' title='bbox 613 593 656 646; x_wconf 78' lang='lat'>³).</span> 
     </span>
    </p>
   </div>
   <div class='ocr_carea' id='block_1_3' title="bbox 157 652 1564 1215">
    <p class='ocr_par' dir='ltr' id='par_1_3' title="bbox 157 652 1562 934">
     <span class='ocr_line' id='line_1_9' title="bbox 271 652 1559 710; baseline -0.01 -6"><span class='ocrx_word' id='word_1_68' title='bbox 271 664 377 710; x_wconf 90' lang='lat' dir='ltr'>Quae</span> <span class='ocrx_word' id='word_1_69' title='bbox 406 676 493 703; x_wconf 89' lang='lat' dir='ltr'>cum</span> <span class='ocrx_word' id='word_1_70' title='bbox 522 663 574 701; x_wconf 88' lang='lat' dir='ltr'>ita</span> <span class='ocrx_word' id='word_1_71' title='bbox 602 673 644 700; x_wconf 88' lang='lat' dir='ltr'>se</span> <span class='ocrx_word' id='word_1_72' title='bbox 671 659 856 705; x_wconf 84' lang='lat' dir='ltr'>habeant,</span> <span class='ocrx_word' id='word_1_73' title='bbox 885 658 978 697; x_wconf 86' lang='lat' dir='ltr'>satis</span> <span class='ocrx_word' id='word_1_74' title='bbox 1007 661 1168 709; x_wconf 86' lang='lat' dir='ltr'>apparet</span> <span class='ocrx_word' id='word_1_75' title='bbox 1195 667 1241 695; x_wconf 89' lang='lat' dir='ltr'>ex</span> <span class='ocrx_word' id='word_1_76' title='bbox 1269 654 1343 693; x_wconf 90' lang='lat' dir='ltr'>hoc</span> <span class='ocrx_word' id='word_1_77' title='bbox 1370 652 1559 706; x_wconf 83' lang='lat' dir='ltr'>prooemii</span> 
     </span>
     <span class='ocr_line' id='line_1_10' title="bbox 157 709 1560 770; baseline -0.01 -9"><span class='ocrx_word' id='word_1_78' title='bbox 157 722 244 761; x_wconf 91' lang='lat' dir='ltr'>loco</span> <span class='ocrx_word' id='word_1_79' title='bbox 266 732 345 759; x_wconf 89' lang='lat' dir='ltr'>non</span> <span class='ocrx_word' id='word_1_80' title='bbox 365 731 480 770; x_wconf 89' lang='lat' dir='ltr'>posse</span> <span class='ocrx_word' id='word_1_81' title='bbox 502 716 682 757; x_wconf 88' lang='lat' dir='ltr'>concludi</span> <span class='ocrx_word' id='word_1_82' title='bbox 702 714 918 766; x_wconf 83' lang='lat' dir='ltr'><strong>dialogum,</strong></span> <span class='ocrx_word' id='word_1_83' title='bbox 947 717 1152 764; x_wconf 82' lang='lat' dir='ltr'><strong>postquam</strong></span> <span class='ocrx_word' id='word_1_84' title='bbox 1173 709 1281 750; x_wconf 89' lang='lat' dir='ltr'>Plato</span> <span class='ocrx_word' id='word_1_85' title='bbox 1301 709 1469 750; x_wconf 81' lang='lat' dir='ltr'>Athenas</span> <span class='ocrx_word' id='word_1_86' title='bbox 1498 720 1560 747; x_wconf 89' lang='lat' dir='ltr'>re·</span> 
     </span>
     <span class='ocr_line' id='line_1_11' title="bbox 158 762 1559 826; baseline -0.01 -10"><span class='ocrx_word' id='word_1_87' title='bbox 158 777 282 820; x_wconf 88' lang='lat' dir='ltr'>dierit,</span> <span class='ocrx_word' id='word_1_88' title='bbox 304 776 491 826; x_wconf 83' lang='lat' dir='ltr'>scriptum</span> <span class='ocrx_word' id='word_1_89' title='bbox 513 785 616 817; x_wconf 87' lang='lat' dir='ltr'>esse;</span> <span class='ocrx_word' id='word_1_90' title='bbox 642 773 719 811; x_wconf 89' lang='lat' dir='ltr'>imo</span> <span class='ocrx_word' id='word_1_91' title='bbox 743 782 821 810; x_wconf 91' lang='lat' dir='ltr'>non</span> <span class='ocrx_word' id='word_1_92' title='bbox 842 770 892 809; x_wconf 90' lang='lat' dir='ltr'>ita</span> <span class='ocrx_word' id='word_1_93' title='bbox 914 767 1037 808; x_wconf 91' lang='lat' dir='ltr'>multo</span> <span class='ocrx_word' id='word_1_94' title='bbox 1057 772 1146 818; x_wconf 83' lang='lat' dir='ltr'>post</span> <span class='ocrx_word' id='word_1_95' title='bbox 1162 765 1333 805; x_wconf 82' lang='lat' dir='ltr'>Socratis</span> <span class='ocrx_word' id='word_1_96' title='bbox 1354 763 1503 804; x_wconf 90' lang='lat' dir='ltr'>obitum</span> <span class='ocrx_word' id='word_1_97' title='bbox 1523 762 1559 802; x_wconf 90' lang='lat' dir='ltr'>id</span> 
     </span>
     <span class='ocr_line' id='line_1_12' title="bbox 157 817 1561 874; baseline -0.01 -3"><span class='ocrx_word' id='word_1_98' title='bbox 157 832 303 872; x_wconf 80' lang='lat' dir='ltr'>sactum</span> <span class='ocrx_word' id='word_1_99' title='bbox 340 842 424 870; x_wconf 90' lang='lat' dir='ltr'>esse</span> <span class='ocrx_word' id='word_1_100' title='bbox 459 829 720 868; x_wconf 87' lang='lat' dir='ltr'>necessarium</span> <span class='ocrx_word' id='word_1_101' title='bbox 756 831 825 866; x_wconf 91' lang='lat' dir='ltr'>est.</span> <span class='ocrx_word' id='word_1_102' title='bbox 875 823 970 864; x_wconf 87' lang='lat' dir='ltr'>Nam</span> <span class='ocrx_word' id='word_1_103' title='bbox 1006 823 1175 874; x_wconf 84' lang='lat' dir='ltr'>primum</span> <span class='ocrx_word' id='word_1_104' title='bbox 1209 821 1432 872; x_wconf 84' lang='lat' dir='ltr'>Terpsionis</span> <span class='ocrx_word' id='word_1_105' title='bbox 1466 817 1561 858; x_wconf 88' lang='lat' dir='ltr'>illud</span> 
     </span>
     <span class='ocr_line' id='line_1_13' title="bbox 164 871 1562 934; baseline -0.01 -7"><span class='ocrx_word' id='word_1_106' title='bbox 164 883 332 927; x_wconf 70' lang='lat' dir='ltr'>&#39;&#39;uovod</span> <span class='ocrx_word' id='word_1_107' title='bbox 352 893 436 925; x_wconf 86' lang='grc' dir='ltr'>σου</span> <span class='ocrx_word' id='word_1_108' title='bbox 457 882 530 923; x_wconf 83' lang='grc' dir='ltr'>καὶ</span> <span class='ocrx_word' id='word_1_109' title='bbox 549 881 769 934; x_wconf 79' lang='grc' dir='ltr'><strong><em>πρότερον</em></strong></span> <span class='ocrx_word' id='word_1_110' title='bbox 787 879 861 921; x_wconf 84' lang='grc' dir='ltr'>καὶ</span> <span class='ocrx_word' id='word_1_111' title='bbox 881 875 1032 932; x_wconf 77' lang='grc' dir='ltr'><strong><em>μέντοι</em></strong></span> <span class='ocrx_word' id='word_1_112' title='bbox 1053 874 1120 917; x_wconf 81' lang='grc' dir='ltr'>ἀεὶ</span> <span class='ocrx_word' id='word_1_113' title='bbox 1139 874 1316 929; x_wconf 82' lang='grc' dir='ltr'><strong><em>μέλλων</em></strong></span> <span class='ocrx_word' id='word_1_114' title='bbox 1332 871 1562 915; x_wconf 80' lang='grc' dir='ltr'><strong><em>κελεύσειν</em></strong></span> 
     </span>
    </p>

    <p class='ocr_par' dir='ltr' id='par_1_4' title="bbox 161 930 1564 1215">
     <span class='ocr_line' id='line_1_14' title="bbox 187 930 1563 991; baseline -0.01 -9"><span class='ocrx_word' id='word_1_115' title='bbox 187 939 376 990; x_wconf 81' lang='grc' dir='ltr'><strong><em>πιὸεῑξαι</em></strong></span> <span class='ocrx_word' id='word_1_116' title='bbox 397 937 659 991; x_wconf 79' lang='grc' dir='ltr'><strong><em>διατέτριφοι</em></strong></span> <span class='ocrx_word' id='word_1_117' title='bbox 678 936 813 989; x_wconf 80' lang='grc' dir='ltr'><em>δεῦρο</em></span> <span class='ocrx_word' id='word_1_118' title='bbox 836 946 914 975; x_wconf 89' lang='lat' dir='ltr'>non</span> <span class='ocrx_word' id='word_1_119' title='bbox 943 934 1067 985; x_wconf 81' lang='lat' dir='ltr'>accipi</span> <span class='ocrx_word' id='word_1_120' title='bbox 1096 938 1224 983; x_wconf 86' lang='lat' dir='ltr'>potest</span> <span class='ocrx_word' id='word_1_121' title='bbox 1252 932 1326 970; x_wconf 90' lang='lat' dir='ltr'>nisi</span> <span class='ocrx_word' id='word_1_122' title='bbox 1355 930 1404 971; x_wconf 92' lang='lat' dir='ltr'>de</span> <span class='ocrx_word' id='word_1_123' title='bbox 1431 930 1563 982; x_wconf 85' lang='lat' dir='ltr'>paucis</span> 
     </span>
     <span class='ocr_line' id='line_1_15' title="bbox 161 985 1563 1049; baseline -0.01 -12"><span class='ocrx_word' id='word_1_124' title='bbox 161 998 290 1042; x_wconf 87' lang='lat' dir='ltr'>annis,</span> <span class='ocrx_word' id='word_1_125' title='bbox 312 999 377 1049; x_wconf 90' lang='lat' dir='ltr'>qui</span> <span class='ocrx_word' id='word_1_126' title='bbox 398 994 605 1035; x_wconf 88' lang='lat' dir='ltr'>cunctandi</span> <span class='ocrx_word' id='word_1_127' title='bbox 625 994 792 1045; x_wconf 86' lang='lat' dir='ltr'>spatium</span> <span class='ocrx_word' id='word_1_128' title='bbox 813 991 957 1031; x_wconf 87' lang='lat' dir='ltr'>dabant</span> <span class='ocrx_word' id='word_1_129' title='bbox 975 990 1197 1029; x_wconf 86' lang='lat' dir='ltr'>maximum.</span> <span class='ocrx_word' id='word_1_130' title='bbox 1248 985 1395 1027; x_wconf 85' lang='lat' dir='ltr'>Deinde</span> <span class='ocrx_word' id='word_1_131' title='bbox 1416 997 1462 1025; x_wconf 86' lang='lat' dir='ltr'>ex</span> <span class='ocrx_word' id='word_1_132' title='bbox 1483 990 1563 1024; x_wconf 87' lang='lat' dir='ltr'>toto</span> 
     </span>
     <span class='ocr_line' id='line_1_16' title="bbox 161 1040 1563 1106; baseline -0.01 -13"><span class='ocrx_word' id='word_1_133' title='bbox 161 1054 363 1106; x_wconf 87' lang='lat' dir='ltr'>prooemio</span> <span class='ocrx_word' id='word_1_134' title='bbox 385 1050 653 1101; x_wconf 78' lang='lat' dir='ltr'>cognoscitur,</span> <span class='ocrx_word' id='word_1_135' title='bbox 675 1053 817 1099; x_wconf 87' lang='lat' dir='ltr'>quanta</span> <span class='ocrx_word' id='word_1_136' title='bbox 832 1044 1123 1086; x_wconf 81' lang='lat' dir='ltr'>necessitudine</span> <span class='ocrx_word' id='word_1_137' title='bbox 1143 1043 1251 1082; x_wconf 88' lang='lat' dir='ltr'>Plato</span> <span class='ocrx_word' id='word_1_138' title='bbox 1271 1040 1563 1091; x_wconf 81' lang='lat' dir='ltr'>Megarensibus</span> 
     </span>
     <span class='ocr_line' id='line_1_17' title="bbox 163 1096 1564 1149; baseline -0.011 -1"><span class='ocrx_word' id='word_1_139' title='bbox 163 1109 366 1149; x_wconf 87' lang='lat' dir='ltr'>adiunctus</span> <span class='ocrx_word' id='word_1_140' title='bbox 386 1107 523 1149; x_wconf 60' lang='lat' dir='ltr'>suerin</span> <span class='ocrx_word' id='word_1_141' title='bbox 553 1116 743 1145; x_wconf 85' lang='lat' dir='ltr'>summam</span> <span class='ocrx_word' id='word_1_142' title='bbox 765 1109 894 1143; x_wconf 88' lang='lat' dir='ltr'>autem</span> <span class='ocrx_word' id='word_1_143' title='bbox 915 1112 999 1140; x_wconf 86' lang='lat' dir='ltr'>eam</span> <span class='ocrx_word' id='word_1_144' title='bbox 1021 1100 1140 1140; x_wconf 80' lang='lat' dir='ltr'>ruisse</span> <span class='ocrx_word' id='word_1_145' title='bbox 1168 1096 1486 1138; x_wconf 87' lang='lat' dir='ltr'>verisimillimum</span> <span class='ocrx_word' id='word_1_146' title='bbox 1507 1101 1564 1134; x_wconf 90' lang='lat' dir='ltr'>est</span> 
     </span>
     <span class='ocr_line' id='line_1_18' title="bbox 164 1152 1466 1215; baseline -0.011 -11"><span class='ocrx_word' id='word_1_147' title='bbox 164 1164 305 1215; x_wconf 89' lang='lat' dir='ltr'>quibus</span> <span class='ocrx_word' id='word_1_148' title='bbox 328 1161 567 1214; x_wconf 85' lang='lat' dir='ltr'>temporibus</span> <span class='ocrx_word' id='word_1_149' title='bbox 588 1160 753 1211; x_wconf 81' lang='lat' dir='ltr'>Megaris</span> <span class='ocrx_word' id='word_1_150' title='bbox 775 1157 939 1209; x_wconf 85' lang='lat' dir='ltr'>degebat</span> <span class='ocrx_word' id='word_1_151' title='bbox 960 1161 998 1195; x_wconf 91' lang='lat' dir='ltr'>et</span> <span class='ocrx_word' id='word_1_152' title='bbox 1018 1154 1146 1207; x_wconf 85' lang='lat' dir='ltr'>paullo</span> <span class='ocrx_word' id='word_1_153' title='bbox 1166 1159 1254 1206; x_wconf 87' lang='lat' dir='ltr'>post</span> <span class='ocrx_word' id='word_1_154' title='bbox 1274 1152 1309 1192; x_wconf 90' lang='lat' dir='ltr'>id</span> <span class='ocrx_word' id='word_1_155' title='bbox 1332 1153 1466 1192; x_wconf 86' lang='lat' dir='ltr'>otium.</span> 
     </span>
    </p>
   </div>
   <div class='ocr_carea' id='block_1_4' title="bbox 180 1313 1549 1465">
    <p class='ocr_par' dir='ltr' id='par_1_5' title="bbox 180 1313 1549 1465">
     <span class='ocr_line' id='line_1_19' title="bbox 180 1313 1549 1382; baseline -0.011 -4"><span class='ocrx_word' id='word_1_156' title='bbox 180 1329 271 1378; x_wconf 85' lang='lat' dir='ltr'>IX.</span> <span class='ocrx_word' id='word_1_157' title='bbox 325 1328 401 1376; x_wconf 92' lang='lat' dir='ltr'>De</span> <span class='ocrx_word' id='word_1_158' title='bbox 436 1324 691 1374; x_wconf 81' lang='lat' dir='ltr'>Theaeteti</span> <span class='ocrx_word' id='word_1_159' title='bbox 725 1322 948 1371; x_wconf 76' lang='lat' dir='ltr'>Platonis</span> <span class='ocrx_word' id='word_1_160' title='bbox 984 1318 1279 1368; x_wconf 82' lang='lat' dir='ltr'>emendandi</span> <span class='ocrx_word' id='word_1_161' title='bbox 1315 1325 1363 1366; x_wconf 83' lang='lat' dir='ltr'>et</span> <span class='ocrx_word' id='word_1_162' title='bbox 1398 1313 1549 1382; x_wconf 85' lang='lat' dir='ltr'>expli-</span> 
     </span>
     <span class='ocr_line' id='line_1_20' title="bbox 632 1398 1088 1465; baseline -0.009 -15"><span class='ocrx_word' id='word_1_163' title='bbox 632 1400 778 1450; x_wconf 86' lang='lat' dir='ltr'>candi</span> <span class='ocrx_word' id='word_1_164' title='bbox 813 1398 1088 1465; x_wconf 81' lang='lat' dir='ltr'>praesidiis.</span> 
     </span>
    </p>
   </div>
   <div class='ocr_carea' id='block_1_5' title="bbox 166 1503 1570 1679">
    <p class='ocr_par' dir='ltr' id='par_1_6' title="bbox 166 1503 1570 1679">
     <span class='ocr_line' id='line_1_21' title="bbox 278 1503 1568 1566; baseline -0.011 -10"><span class='ocrx_word' id='word_1_165' title='bbox 278 1516 482 1560; x_wconf 87' lang='lat' dir='ltr'>Codicum,</span> <span class='ocrx_word' id='word_1_166' title='bbox 505 1513 643 1566; x_wconf 84' lang='lat' dir='ltr'>quibus</span> <span class='ocrx_word' id='word_1_167' title='bbox 664 1512 898 1552; x_wconf 82' lang='lat' dir='ltr'>Theaetetus</span> <span class='ocrx_word' id='word_1_168' title='bbox 918 1511 1160 1553; x_wconf 84' lang='lat' dir='ltr'>continetur,</span> <span class='ocrx_word' id='word_1_169' title='bbox 1183 1507 1308 1547; x_wconf 88' lang='lat' dir='ltr'>adhuc</span> <span class='ocrx_word' id='word_1_170' title='bbox 1329 1503 1456 1544; x_wconf 84' lang='lat' dir='ltr'>collati</span> <span class='ocrx_word' id='word_1_171' title='bbox 1478 1509 1568 1542; x_wconf 90' lang='lat' dir='ltr'>sunt</span> 
     </span>
     <span class='ocr_line' id='line_1_22' title="bbox 166 1562 1570 1624; baseline -0.01 -13"><span class='ocrx_word' id='word_1_172' title='bbox 166 1572 300 1624; x_wconf 84' lang='lat' dir='ltr'>viginti</span> <span class='ocrx_word' id='word_1_173' title='bbox 319 1582 439 1614; x_wconf 85' lang='lat' dir='ltr'>unus,</span> <span class='ocrx_word' id='word_1_174' title='bbox 468 1581 633 1622; x_wconf 88' lang='lat' dir='ltr'>quorum</span> <span class='ocrx_word' id='word_1_175' title='bbox 656 1574 785 1607; x_wconf 86' lang='lat' dir='ltr'>tamen</span> <span class='ocrx_word' id='word_1_176' title='bbox 805 1571 970 1618; x_wconf 87' lang='lat' dir='ltr'>quatuor</span> <span class='ocrx_word' id='word_1_177' title='bbox 999 1563 1160 1615; x_wconf 85' lang='lat' dir='ltr'>singulis</span> <span class='ocrx_word' id='word_1_178' title='bbox 1187 1562 1283 1602; x_wconf 90' lang='lat' dir='ltr'>locis</span> <span class='ocrx_word' id='word_1_179' title='bbox 1309 1566 1459 1600; x_wconf 87' lang='lat' dir='ltr'>tantum</span> <span class='ocrx_word' id='word_1_180' title='bbox 1481 1563 1570 1599; x_wconf 87' lang='lat' dir='ltr'>sunt</span> 
     </span>
     <span class='ocr_line' id='line_1_23' title="bbox 166 1624 771 1679; baseline -0.012 -11"><span class='ocrx_word' id='word_1_181' title='bbox 166 1627 344 1679; x_wconf 87' lang='lat' dir='ltr'>inspecti.</span> <span class='ocrx_word' id='word_1_182' title='bbox 377 1624 511 1667; x_wconf 87' lang='lat' dir='ltr'>Collati</span> <span class='ocrx_word' id='word_1_183' title='bbox 532 1630 660 1664; x_wconf 87' lang='lat' dir='ltr'>autem</span> <span class='ocrx_word' id='word_1_184' title='bbox 682 1628 771 1662; x_wconf 80' lang='lat' dir='ltr'>sunt</span> 
     </span>
    </p>
   </div>
   <div class='ocr_carea' id='block_1_6' title="bbox 169 1678 1574 2130">
    <p class='ocr_par' dir='ltr' id='par_1_7' title="bbox 169 1678 1574 2130">
     <span class='ocr_line' id='line_1_24' title="bbox 225 1678 1567 1740; baseline -0.011 -7"><span class='ocrx_word' id='word_1_185' title='bbox 225 1693 262 1733; x_wconf 92' lang='lat'>1.</span> <span class='ocrx_word' id='word_1_186' title='bbox 293 1706 314 1733; x_wconf 90' lang='lat' dir='ltr'>a</span> <span class='ocrx_word' id='word_1_187' title='bbox 342 1692 490 1732; x_wconf 87' lang='lat' dir='ltr'>Thoma</span> <span class='ocrx_word' id='word_1_188' title='bbox 525 1689 740 1730; x_wconf 79' lang='lat' dir='ltr'>Gaisl‘ordio</span> <span class='ocrx_word' id='word_1_189' title='bbox 777 1688 943 1740; x_wconf 84' lang='lat' dir='ltr'>(lection.</span> <span class='ocrx_word' id='word_1_190' title='bbox 972 1685 1205 1726; x_wconf 85' lang='lat' dir='ltr'>Platonicae.</span> <span class='ocrx_word' id='word_1_191' title='bbox 1255 1682 1405 1722; x_wconf 85' lang='lat' dir='ltr'>Oxonii.</span> <span class='ocrx_word' id='word_1_192' title='bbox 1448 1678 1567 1720; x_wconf 87' lang='grc'><strong>1820.</strong></span> 
     </span>
     <span class='ocr_line' id='line_1_25' title="bbox 282 1744 1571 1866; baseline -0.013 -21"><span class='ocrx_word' id='word_1_193' title='bbox 282 1805 318 1846; x_wconf 70' lang='lat'>³21</span> <span class='ocrx_word' id='word_1_194' title='bbox 336 1744 712 1866; x_wconf 45' lang='lat' dir='ltr'>{offgx}{2biensis</span> <span class='ocrx_word' id='word_1_195' title='bbox 734 1800 813 1838; x_wconf 90' lang='lat' dir='ltr'>sive</span> <span class='ocrx_word' id='word_1_196' title='bbox 838 1796 1063 1839; x_wconf 83' lang='lat' dir='ltr'>Clarkianus</span> <span class='ocrx_word' id='word_1_197' title='bbox 1090 1797 1168 1835; x_wconf 87' lang='lat' dir='ltr'>sive</span> <span class='ocrx_word' id='word_1_198' title='bbox 1191 1791 1423 1834; x_wconf 87' lang='lat' dir='ltr'>Bodleianus</span> <span class='ocrx_word' id='word_1_199' title='bbox 1449 1801 1571 1855; x_wconf 76' lang='lat' dir='ltr'>mem·</span> 
     </span>
     <span class='ocr_line' id='line_1_26' title="bbox 169 1846 1572 1967; baseline -0.011 -11"><span class='ocrx_word' id='word_1_200' title='bbox 169 1860 706 1967; x_wconf 47' lang='lat'>&amp;53320228830323323313</span> <span class='ocrx_word' id='word_1_201' title='bbox 731 1846 1572 1954; x_wconf 50' lang='grc' dir='ltr'>Ρῗὲοὲἓεῖιοιῖἑῖοἰὲῑῖἓθὲῐὶῗὲῖῗῑέἷὲξὲἰὲ</span> 
     </span>
     <span class='ocr_line' id='line_1_27' title="bbox 171 1957 1574 2036; baseline -0.011 -25"><span class='ocrx_word' id='word_1_202' title='bbox 171 1970 410 2036; x_wconf 75' lang='lat' dir='ltr'>comparavit</span> <span class='ocrx_word' id='word_1_203' title='bbox 430 1967 689 2031; x_wconf 77' lang='lat' dir='ltr'>Campbellius</span> <span class='ocrx_word' id='word_1_204' title='bbox 703 1973 826 2031; x_wconf 35' lang='lat' dir='ltr'>‚atque</span> <span class='ocrx_word' id='word_1_205' title='bbox 851 1976 948 2015; x_wconf 86' lang='lat' dir='ltr'>quae</span> <span class='ocrx_word' id='word_1_206' title='bbox 975 1962 1110 2028; x_wconf 71' lang='lat' dir='ltr'>³.b.ffl⁰</span> <span class='ocrx_word' id='word_1_207' title='bbox 1131 1961 1404 2026; x_wconf 74' lang='lat' dir='ltr'>praetermissa</span> <span class='ocrx_word' id='word_1_208' title='bbox 1425 1957 1574 2022; x_wconf 37' lang='lat' dir='ltr'>vider-et</span> 
     </span>
     <span class='ocr_line' id='line_1_28' title="bbox 171 2017 1571 2130; baseline -0.012 -7"><span class='ocrx_word' id='word_1_209' title='bbox 171 2022 933 2130; x_wconf 53' lang='lat' dir='ltr'>23¹„3533‘33152211&#39;1‘3l‘31fflssitisxg}</span> <span class='ocrx_word' id='word_1_210' title='bbox 950 2018 1248 2125; x_wconf 53' lang='grc' dir='ltr'>εἶξὲἒῗιοὲἳξέῧε</span> <span class='ocrx_word' id='word_1_211' title='bbox 1261 2017 1571 2113; x_wconf 49' lang='grc' dir='ltr'>ἒῗὶῗωωω·</span> 
     </span>
    </p>
   </div>
   <div class='ocr_carea' id='block_1_7' title="bbox 228 2138 1574 2188">
    <p class='ocr_par' dir='ltr' id='par_1_8' title="bbox 228 2138 1574 2188">
     <span class='ocr_line' id='line_1_29' title="bbox 228 2138 1574 2188; baseline -0.012 0"><span class='ocrx_word' id='word_1_212' title='bbox 228 2146 267 2188; x_wconf 83' lang='grc'>2.</span> <span class='ocrx_word' id='word_1_213' title='bbox 300 2147 348 2187; x_wconf 91' lang='lat' dir='ltr'>ab</span> <span class='ocrx_word' id='word_1_214' title='bbox 369 2145 605 2186; x_wconf 80' lang='lat' dir='ltr'>immanuele</span> <span class='ocrx_word' id='word_1_215' title='bbox 626 2143 804 2184; x_wconf 86' lang='lat' dir='ltr'>Bekkero</span> <span class='ocrx_word' id='word_1_216' title='bbox 832 2142 922 2181; x_wconf 89' lang='lat' dir='ltr'>libri</span> <span class='ocrx_word' id='word_1_217' title='bbox 943 2140 1147 2180; x_wconf 88' lang='lat' dir='ltr'>duodecim</span> <span class='ocrx_word' id='word_1_218' title='bbox 1167 2138 1330 2187; x_wconf 80' lang='lat' dir='ltr'>integri,</span> <span class='ocrx_word' id='word_1_219' title='bbox 1357 2146 1457 2174; x_wconf 90' lang='lat' dir='ltr'>unus</span> <span class='ocrx_word' id='word_1_220' title='bbox 1478 2145 1574 2173; x_wconf 87' lang='lat' dir='ltr'>non·</span> 
     </span>
    </p>
   </div>
   <div class='ocr_carea' id='block_1_8' title="bbox 286 2200 1476 2298">
    <p class='ocr_par' dir='ltr' id='par_1_9' title="bbox 286 2200 1476 2298">
     <span class='ocr_line' id='line_1_30' title="bbox 286 2200 1476 2298; baseline -0.012 0"><span class='ocrx_word' id='word_1_221' title='bbox 286 2260 329 2298; x_wconf 89' lang='lat' dir='ltr'><em>A</em></span> <span class='ocrx_word' id='word_1_222' title='bbox 341 2200 813 2297; x_wconf 41' lang='lat' dir='ltr'>Tigisxli&#39;ncgnbranaeeus</span> <span class='ocrx_word' id='word_1_223' title='bbox 832 2250 1092 2292; x_wconf 85' lang='lat' dir='ltr'>bibliothecae</span> <span class='ocrx_word' id='word_1_224' title='bbox 1111 2249 1314 2288; x_wconf 86' lang='lat' dir='ltr'>Vaticanae</span> <span class='ocrx_word' id='word_1_225' title='bbox 1335 2258 1375 2286; x_wconf 84' lang='lat' dir='ltr'>n.</span> <span class='ocrx_word' id='word_1_226' title='bbox 1394 2243 1476 2286; x_wconf 80' lang='lat'>225</span> 
     </span>
    </p>
   </div>
   <div class='ocr_carea' id='block_1_9' title="bbox 287 2301 1582 2746">
    <p class='ocr_par' dir='ltr' id='par_1_10' title="bbox 287 2301 1582 2746">
     <span class='ocr_line' id='line_1_31' title="bbox 287 2301 1575 2361; baseline -0.01 -9"><span class='ocrx_word' id='word_1_227' title='bbox 287 2313 328 2354; x_wconf 94' lang='grc' dir='ltr'><em>Γ</em></span> <span class='ocrx_word' id='word_1_228' title='bbox 344 2312 464 2352; x_wconf 88' lang='lat' dir='ltr'>codex</span> <span class='ocrx_word' id='word_1_229' title='bbox 493 2310 751 2361; x_wconf 79' lang='lat' dir='ltr'>bombycinus</span> <span class='ocrx_word' id='word_1_230' title='bbox 779 2308 1032 2349; x_wconf 85' lang='lat' dir='ltr'>Coislinianus</span> <span class='ocrx_word' id='word_1_231' title='bbox 1063 2303 1143 2345; x_wconf 86' lang='lat'>115</span> <span class='ocrx_word' id='word_1_232' title='bbox 1169 2302 1427 2344; x_wconf 86' lang='lat' dir='ltr'>bibliothecae</span> <span class='ocrx_word' id='word_1_233' title='bbox 1455 2301 1575 2352; x_wconf 89' lang='lat' dir='ltr'>impe·</span> 
     </span>
     <span class='ocr_line' id='line_1_32' title="bbox 376 2365 727 2408; baseline -0.009 -1"><span class='ocrx_word' id='word_1_234' title='bbox 376 2367 480 2408; x_wconf 90' lang='lat' dir='ltr'>rialis</span> <span class='ocrx_word' id='word_1_235' title='bbox 500 2365 727 2407; x_wconf 88' lang='lat' dir='ltr'>Parisiensis</span> 
     </span>
     <span class='ocr_line' id='line_1_33' title="bbox 289 2408 1578 2512; baseline -0.012 -48"><span class='ocrx_word' id='word_1_236' title='bbox 289 2425 423 2464; x_wconf 87' lang='lat' dir='ltr'>Veneti</span> <span class='ocrx_word' id='word_1_237' title='bbox 444 2428 628 2475; x_wconf 84' lang='lat' dir='ltr'>quatuor,</span> <span class='ocrx_word' id='word_1_238' title='bbox 652 2432 817 2473; x_wconf 88' lang='lat' dir='ltr'>quorum</span> <span class='ocrx_word' id='word_1_239' title='bbox 839 2426 930 2459; x_wconf 92' lang='lat' dir='ltr'>sunt</span> <span class='ocrx_word' id='word_1_240' title='bbox 950 2415 1238 2512; x_wconf 49' lang='grc' dir='ltr'>πηοωὴτέιὲεοθὶ</span> <span class='ocrx_word' id='word_1_241' title='bbox 1258 2413 1334 2453; x_wconf 93' lang='lat' dir='ltr'>duo</span> <span class='ocrx_word' id='word_1_242' title='bbox 1351 2413 1390 2452; x_wconf 89' lang='lat' dir='ltr'><em>A</em></span> <span class='ocrx_word' id='word_1_243' title='bbox 1412 2413 1462 2463; x_wconf 88' lang='lat' dir='ltr'>(n.</span> <span class='ocrx_word' id='word_1_244' title='bbox 1479 2408 1517 2460; x_wconf 89' lang='lat'>8)</span> <span class='ocrx_word' id='word_1_245' title='bbox 1540 2415 1578 2449; x_wconf 88' lang='lat' dir='ltr'>et</span> 
     </span>
     <span class='ocr_line' id='line_1_34' title="bbox 950 2471 1105 2519; baseline -0.013 -6"><span class='ocrx_word' id='word_1_246' title='bbox 950 2473 989 2519; x_wconf 82' lang='grc' dir='ltr'><strong><em>Ξ</em></strong></span> <span class='ocrx_word' id='word_1_247' title='bbox 1020 2485 1057 2512; x_wconf 89' lang='lat' dir='ltr'>n.</span> <span class='ocrx_word' id='word_1_248' title='bbox 1083 2471 1105 2511; x_wconf 84' lang='lat'>1</span> 
     </span>
     <span class='ocr_line' id='line_1_35' title="bbox 865 2472 1581 2579; baseline -0.013 -10"><span class='ocrx_word' id='word_1_249' title='bbox 865 2561 887 2575; x_wconf 89' lang='lat'>‚‚</span> <span class='ocrx_word' id='word_1_250' title='bbox 948 2472 1175 2579; x_wconf 69' lang='lat' dir='ltr'>boinbycini)</span> <span class='ocrx_word' id='word_1_251' title='bbox 1190 2525 1266 2564; x_wconf 92' lang='lat' dir='ltr'>duo</span> <span class='ocrx_word' id='word_1_252' title='bbox 1288 2525 1336 2564; x_wconf 87' lang='lat' dir='ltr'><em>H</em></span> <span class='ocrx_word' id='word_1_253' title='bbox 1354 2524 1405 2574; x_wconf 89' lang='lat' dir='ltr'>(n.</span> <span class='ocrx_word' id='word_1_254' title='bbox 1429 2519 1519 2572; x_wconf 82' lang='lat'>185)</span> <span class='ocrx_word' id='word_1_255' title='bbox 1543 2526 1581 2560; x_wconf 87' lang='lat' dir='ltr'>et</span> 
     </span>
     <span class='ocr_line' id='line_1_36' title="bbox 952 2580 1202 2636; baseline -0.012 -12"><span class='ocrx_word' id='word_1_256' title='bbox 952 2585 997 2624; x_wconf 89' lang='grc' dir='ltr'><strong><em>Σ</em></strong></span> <span class='ocrx_word' id='word_1_257' title='bbox 1014 2586 1064 2636; x_wconf 89' lang='lat' dir='ltr'>(n.</span> <span class='ocrx_word' id='word_1_258' title='bbox 1090 2580 1202 2633; x_wconf 81' lang='lat'>189),</span> 
     </span>
     <span class='ocr_line' id='line_1_37' title="bbox 291 2631 1582 2695; baseline -0.012 -9"><span class='ocrx_word' id='word_1_259' title='bbox 291 2646 529 2686; x_wconf 88' lang='lat' dir='ltr'>Parisienses</span> <span class='ocrx_word' id='word_1_260' title='bbox 558 2644 749 2695; x_wconf 88' lang='lat' dir='ltr'>quinque,</span> <span class='ocrx_word' id='word_1_261' title='bbox 780 2652 947 2693; x_wconf 83' lang='lat' dir='ltr'>quorum</span> <span class='ocrx_word' id='word_1_262' title='bbox 980 2645 1039 2680; x_wconf 89' lang='lat' dir='ltr'>est</span> <span class='ocrx_word' id='word_1_263' title='bbox 1070 2636 1391 2677; x_wconf 86' lang='lat' dir='ltr'>membranaceus</span> <span class='ocrx_word' id='word_1_264' title='bbox 1423 2645 1524 2672; x_wconf 89' lang='lat' dir='ltr'>unus</span> <span class='ocrx_word' id='word_1_265' title='bbox 1553 2631 1582 2672; x_wconf 90' lang='lat' dir='ltr'>C</span> 
     </span>
     <span class='ocr_line' id='line_1_38' title="bbox 981 2691 1176 2746; baseline -0.005 -12"><span class='ocrx_word' id='word_1_266' title='bbox 981 2693 1033 2746; x_wconf 89' lang='lat' dir='ltr'>(n.</span> <span class='ocrx_word' id='word_1_267' title='bbox 1058 2691 1176 2743; x_wconf 88' lang='lat'>1809)</span> 
     </span>
    </p>
   </div>
   <div class='ocr_carea' id='block_1_10' title="bbox 183 2768 436 2776">
    <p class='ocr_par' dir='ltr' id='par_1_11' title="bbox 183 2768 436 2776">
     <span class='ocr_line' id='line_1_39' title="bbox 183 2768 436 2776; baseline 0 194"><span class='ocrx_word' id='word_1_268' title='bbox 183 2768 436 2776; x_wconf 95' lang='lat' dir='ltr'> </span> 
     </span>
    </p>
   </div>
   <div class='ocr_carea' id='block_1_11' title="bbox 275 2811 1471 2867">
    <p class='ocr_par' dir='ltr' id='par_1_12' title="bbox 275 2811 1471 2867">
     <span class='ocr_line' id='line_1_40' title="bbox 275 2811 1471 2867; baseline -0.011 -11"><span class='ocrx_word' id='word_1_269' title='bbox 275 2824 306 2865; x_wconf 89' lang='lat'>1)</span> <span class='ocrx_word' id='word_1_270' title='bbox 333 2835 368 2867; x_wconf 88' lang='lat' dir='ltr'>p.</span> <span class='ocrx_word' id='word_1_271' title='bbox 392 2824 468 2856; x_wconf 78' lang='lat'><strong>249.</strong></span> <span class='ocrx_word' id='word_1_272' title='bbox 559 2821 594 2863; x_wconf 78' lang='lat'>2)</span> <span class='ocrx_word' id='word_1_273' title='bbox 621 2831 654 2864; x_wconf 84' lang='lat' dir='ltr'>p.</span> <span class='ocrx_word' id='word_1_274' title='bbox 680 2820 756 2854; x_wconf 83' lang='lat'><strong>392.</strong></span> <span class='ocrx_word' id='word_1_275' title='bbox 849 2816 884 2862; x_wconf 85' lang='lat'>3)</span> <span class='ocrx_word' id='word_1_276' title='bbox 910 2816 1141 2851; x_wconf 80' lang='lat' dir='ltr'>Steinhartus</span> <span class='ocrx_word' id='word_1_277' title='bbox 1166 2825 1201 2857; x_wconf 88' lang='lat' dir='ltr'>p.</span> <span class='ocrx_word' id='word_1_278' title='bbox 1227 2813 1292 2846; x_wconf 77' lang='lat'>206</span> <span class='ocrx_word' id='word_1_279' title='bbox 1316 2817 1390 2846; x_wconf 84' lang='lat' dir='ltr'>not.</span> <span class='ocrx_word' id='word_1_280' title='bbox 1417 2811 1471 2844; x_wconf 82' lang='lat'>28.</span> 
     </span>
    </p>
   </div>
   <div class='ocr_carea' id='block_1_12' title="bbox 1658 0 1716 465">
    <p class='ocr_par' dir='ltr' id='par_1_13' title="bbox 1658 0 1716 465">
     <span class='ocr_line' id='line_1_41' title="bbox 1658 0 1716 465; baseline 0 2505"><span class='ocrx_word' id='word_1_281' title='bbox 1658 0 1716 465; x_wconf 95' lang='lat' dir='ltr'> </span> 
     </span>
    </p>
   </div>
  </div>
 </body>
</html>
