1716 2964
675 135 1057 171 PROLEGOMENA.
1555 129 1582 172 9

155 253 294 295 similis
315 254 375 300 fit,
399 264 478 293 non
500 257 559 292 est
578 251 704 300 idem,
726 261 841 302 quam
863 250 1091 302 priusquam
1113 252 1287 286 mutatus
1309 253 1379 286 est.
1412 245 1581 285 Omnino

156 317 286 352 autem
309 310 428 350 homo
456 321 538 349 non
567 313 627 347 est
645 319 768 352 unus,
796 305 864 346 sed
887 318 976 345 cum
1005 305 1103 345 alius
1131 305 1182 343 sit
1210 302 1294 343 aliis
1322 302 1580 354 temporibus,

156 368 352 408 innumeri
375 366 579 405 exsistunt.
628 364 765 415 Neque
786 363 863 403 hoc
883 362 1046 402 refutari
1066 361 1213 413 poterit
1233 360 1418 412 proprios
1439 361 1581 412 cuique

157 437 243 465 esse
264 435 401 464 sensus
428 427 466 462 et
486 425 698 474 propterea
720 420 822 473 quod
847 419 987 472 cuique
1008 422 1217 471 appareat,
1247 416 1285 456 id
1314 415 1371 455 illi
1391 415 1464 455 soli
1494 427 1583 456 esse

156 481 217 520 vel
237 480 340 525 fieri,
370 480 433 518 cui
454 484 660 531 appareat.
690 478 743 516 ita
772 481 815 516 ut
835 487 1020 516 mensura
1050 476 1101 514 sit
1130 474 1295 526 quisque
1316 484 1465 512 rerum.
1516 472 1582 511 Ni-

155 538 277 577 mium
299 540 487 588 quantum
509 535 611 574 enim
634 533 734 574 alius
755 532 804 573 ab
826 532 901 572 alio
923 532 1053 572 differt
1072 531 1149 571 hoc
1166 532 1273 581 ipso,
1296 529 1399 582 quod
1423 528 1487 568 alii
1507 527 1582 568 alia

155 599 246 633 sunt
267 598 305 632 et
324 591 516 631 videntur.
549 591 714 642 Sapiens
735 595 864 630 autem
887 590 919 628 is
941 593 1010 634 est,
1033 590 1100 640 qui
1122 588 1251 631 efficit,
1274 593 1318 626 ut
1338 587 1402 626 cui
1421 586 1581 625 videan-

155 655 219 689 tur
245 647 346 688 mala
377 654 415 687 et
442 649 540 693 sint,
578 650 613 687 ei
643 648 721 686 sint
749 651 788 686 et
814 646 1021 686 videantur
1049 645 1167 685 bona.
1217 643 1447 695 Aegrotanti
1476 642 1582 682 enim

155 718 275 758 supra
309 705 478 745 diximus
514 716 647 743 amara
676 703 800 743 videri
828 709 865 743 et
899 714 986 742 esse
1020 714 1120 754 quae
1156 700 1263 746 edat,
1301 700 1401 740 bene
1436 698 1583 739 valenti

154 768 285 802 autem
308 761 516 801 contraria.
554 760 729 807 Quorum
754 764 895 799 neuter
915 759 1129 810 sapientior
1145 758 1231 797 fieri
1246 762 1376 810 potest
1391 755 1451 796 vel
1472 755 1582 795 rudis

154 824 220 858 aut
240 819 398 870 sapiens
418 818 569 862 vocari,
601 817 668 856 sed
692 816 898 856 nitendum
919 821 995 860 est,
1024 821 1068 854 ut
1096 815 1161 866 qui
1190 821 1248 854 est
1276 814 1412 866 peiore
1444 812 1580 852 condi-

155 875 278 919 cione,
300 875 348 914 sit
370 873 547 914 meliore.
578 873 754 914 Medicus
774 878 905 912 autem
926 878 970 912 ut
985 870 1321 916 medicaminibus,
1335 871 1386 910 ita
1405 869 1581 922 sophista

154 931 195 970 in
226 931 455 971 educatione
483 931 607 969 utitur
635 928 897 969 sermonibus.
949 928 1195 980 Quamquam
1222 939 1338 967 nemo
1369 926 1467 966 salsa
1497 927 1583 978 opi-

154 994 315 1027 nantem
343 986 513 1026 reddere
542 991 670 1038 potest
696 998 789 1026 vera
817 987 1065 1038 opinantem;
1094 997 1224 1036 neque
1252 996 1351 1036 quae
1380 995 1460 1023 non
1490 988 1582 1023 sunt

154 1044 307 1095 opinari
327 1042 419 1082 licet
438 1055 566 1094 neque
598 1042 674 1082 alia
694 1048 855 1095 praeter
876 1054 941 1084 ea,
972 1041 1116 1094 quibus
1145 1042 1232 1094 quis
1262 1041 1453 1085 afficitur;
1483 1039 1581 1079 haec

153 1106 282 1139 autem
306 1111 462 1152 semper
482 1111 575 1139 vera
604 1106 708 1139 sunt.
759 1099 838 1140 Sed
858 1098 1047 1138 iudicium
1078 1103 1137 1138 est
1165 1097 1290 1150 qualis
1319 1109 1450 1141 mens,
1479 1109 1581 1148 quae

152 1157 231 1196 sert
252 1156 451 1201 iudicium,
470 1168 714 1209 perversum,
738 1158 770 1195 si
790 1167 903 1195 mens
926 1161 986 1195 est
1005 1166 1206 1207 perversa,
1224 1159 1390 1199 rectum,
1414 1154 1448 1194 si
1468 1165 1581 1192 mens

155 1217 214 1252 est
232 1219 353 1252 recta.
387 1212 601 1264 Opiniones
623 1218 753 1253 autem
775 1212 824 1252 ab
845 1212 1040 1263 imperitis
1067 1217 1220 1251 tantum
1242 1211 1428 1250 dicuntur
1449 1222 1578 1256 verae,

154 1280 227 1320 ego
248 1281 342 1308 vero
363 1269 447 1309 aliis
475 1268 571 1309 alias
592 1269 778 1308 meliores
799 1268 908 1313 dico,
937 1269 1113 1308 veriores
1142 1268 1382 1320 neutiquam.
1435 1267 1580 1314 Quem-

154 1324 366 1364 admodum
386 1326 507 1375 igitur
529 1324 725 1377 agricolae
746 1326 956 1377 sapientes,
978 1326 1012 1363 si
1032 1324 1188 1375 plantae
1208 1323 1408 1374 languent,
1432 1323 1582 1363 faciunt

153 1387 197 1420 ut
224 1381 400 1431 vigeant,
438 1382 487 1421 ita
518 1383 715 1435 sapientes
744 1386 921 1422 oratores
958 1381 1151 1428 efficiunt,
1187 1386 1230 1420 ut
1259 1380 1477 1421 civitatibus
1505 1392 1580 1432 pro

151 1439 283 1489 pravis
302 1437 411 1476 utilia
432 1439 534 1478 iusta
565 1450 650 1479 esse
671 1439 889 1478 videantur.
940 1438 1039 1478 Nam
1061 1450 1161 1488 quae
1183 1438 1325 1477 civitati
1355 1438 1497 1489 cuique
1525 1438 1580 1476 vi-

152 1493 297 1533 dentur
324 1495 425 1533 iusta
456 1500 494 1534 et
521 1495 707 1540 honesta,
746 1494 804 1534 illi
840 1496 958 1534 etiam
991 1500 1103 1540 sunt,
1133 1493 1322 1546 quamdiu
1350 1495 1402 1533 ita
1433 1494 1579 1533 statuit.

153 1550 288 1590 [tidem
311 1550 483 1602 sophista
497 1582 506 1596 ‚
538 1552 605 1603 qui
627 1551 852 1591 educandos
872 1550 1071 1591 moderari
1098 1556 1246 1603 potest,
1276 1552 1434 1602 sapiens
1462 1556 1521 1589 est
1542 1556 1581 1589 et

150 1618 291 1658 magna
315 1606 456 1657 dignus
474 1607 670 1648 mercede.
703 1608 811 1655 Quae
834 1620 923 1647 cum
943 1609 997 1647 ita
1013 1608 1109 1653 sint,
1133 1607 1197 1647 alii
1213 1606 1297 1647 aliis
1317 1613 1409 1647 sunt
1424 1608 1579 1658 sapien-

152 1663 273 1703 tiores
296 1675 424 1716 neque
444 1669 576 1704 tamen
599 1665 807 1716 quisquam
827 1664 922 1704 falsa
940 1665 1124 1716 opinatur
1142 1670 1260 1716 atque
1282 1665 1447 1716 quisque
1468 1676 1578 1704 men-

151 1731 242 1759 sura
265 1726 334 1759 est.
368 1722 549 1760 Attamen
570 1722 688 1770 situ,
713 1734 736 1760 o
759 1721 963 1766 Socrates,
995 1720 1142 1773 aliquid
1171 1726 1306 1760 contra
1330 1721 1432 1760 hanc
1461 1722 1580 1761 ratio-

151 1786 240 1815 nem
265 1776 467 1828 disputare
489 1779 658 1830 cogitas,
684 1783 751 1817 aut
772 1778 956 1817 continua
977 1778 1154 1817 oratione
1176 1790 1348 1830 exponas
1370 1783 1435 1817 aut
1455 1778 1578 1817 inter-

151 1832 327 1882 rogando
350 1834 543 1879 excutias;
567 1833 648 1873 noli
667 1839 799 1874 tamen
821 1835 996 1887 captioso
1011 1834 1234 1886 disputandi
1248 1845 1396 1884 genere
1416 1835 1485 1879 uti,
1510 1834 1580 1875 sed

152 1889 295 1928 omissa
317 1890 424 1928 omni
445 1891 680 1935 certatione,
712 1902 788 1941 qua
810 1891 974 1930 iocando
997 1890 1096 1930 alter
1123 1892 1164 1929 in
1186 1902 1343 1930 errores
1363 1891 1577 1936 inducitur,

153 1943 255 1982 serio
277 1944 431 1996 disputa
462 1951 500 1984 et
522 1958 589 1986 eos
615 1952 767 1986 tantum
797 1948 960 1987 ostende
991 1959 1169 1993 errores,
1198 1948 1239 1986 in
1262 1960 1361 1999 quos
1388 1948 1471 1999 ipse
1499 1947 1577 1993 ille,

152 2012 323 2052 quocum
345 2000 602 2053 colloqueris,
632 2015 705 2054 per
727 2015 769 2043 se
791 2009 830 2043 et
858 2016 905 2042 ex
932 2003 1135 2055 prioribus
1164 2003 1414 2043 sermonibus
1442 2011 1579 2055 raptus

152 2060 223 2095 est.
257 2055 367 2102 Quod
390 2058 422 2097 si
442 2058 581 2104 facies,
604 2060 671 2110 qui
692 2064 823 2099 tecum
844 2058 1137 2111 colloquentur,
1161 2066 1199 2099 te
1220 2067 1437 2112 sequentur
1459 2067 1498 2100 et
1519 2061 1577 2100 di-

150 2111 294 2164 ligent,
318 2126 361 2153 se
381 2126 475 2154 vero
497 2115 544 2154 ad
566 2114 839 2168 philosophiae
861 2116 1034 2155 studium
1057 2117 1272 2162 conserent,
1299 2129 1377 2168 quo
1400 2116 1463 2156 3111
1483 2117 1579 2157 fiant

151 2180 266 2220 quam
288 2174 378 2209 ante
399 2170 566 2216 fuerint,
596 2173 657 2211 sin
678 2178 810 2212 autem
841 2172 954 2212 aliter
983 2172 1121 2218 facies,
1152 2172 1424 2225 philosophiae
1444 2174 1578 2214 odium

149 2224 366 2266 habebunt.
426 2227 602 2279 Benigne
637 2229 755 2280 igitur
791 2234 1018 2282 attenteque
1053 2230 1278 2275 considera,
1323 2231 1417 2282 quid
1459 2230 1576 2271 velim

151 2283 282 2321 omnia
303 2285 453 2323 moveri
481 2283 617 2324 dicens
638 2291 677 2324 et
697 2286 802 2337 quod
827 2285 967 2338 cuique
994 2286 1173 2326 videatur
1201 2292 1279 2326 tam
1309 2286 1474 2339 singulis
1498 2294 1576 2327 tam

151 2338 392 2384 civitatibus,
422 2352 556 2380 verum
594 2353 680 2381 esse
711 2346 827 2394 atque
863 2342 925 2381 his
960 2347 1143 2382 accurate
1172 2345 1379 2396 perpensis
1405 2345 1574 2396 inquire,

149 2400 282 2434 utrum
310 2395 413 2435 idem
443 2397 494 2436 sit
521 2398 692 2438 seientia
714 2405 753 2438 et
783 2410 967 2438 sensuum
1002 2401 1204 2452 perceptio
1233 2412 1380 2444 necne,
1418 2401 1576 2440 deserto

150 2451 374 2502 quotidiano
396 2452 553 2492 dicendi
573 2466 668 2500 usu,
699 2456 766 2507 qui
794 2455 1019 2495 hominibus
1048 2456 1160 2496 affert
1182 2452 1431 2497 difficultates
1452 2459 1574 2497 maxi-

149 2509 289 2615 313591)
332 2508 437 2549 Haec
468 2516 528 2549 est
557 2510 751 2557 defensio,
787 2523 904 2564 quam
938 2511 1121 2553 Socrates
1154 2512 1396 2565 Protagorae
1431 2526 1574 2566 suppe-

176 2569 247 2604 1tat
295 2595 304 2603 .

262 2621 497 2673 Protagoras
515 2623 556 2661 in
577 2624 757 2664 oratione
778 2636 895 2677 quam
916 2625 1033 2665 modo
1054 2625 1191 2666 habuit
1212 2626 1414 2667 Socratem
1437 2639 1573 2678 repre-

150 2675 356 2741 henderat,
375 2679 479 2730 quod
494 2678 651 2730 pueruli
671 2686 780 2721 metu
801 2686 916 2721 utens
936 2693 1008 2733 per
1029 2683 1159 2722 iocum
1176 2684 1309 2734 potius
1331 2695 1448 2734 quam
1470 2683 1574 2722 serio

149 2737 342 2772 rationem
364 2746 474 2774 suam
490 2737 770 2787 impugnasset.
804 2735 915 2782 Quod
930 2751 980 2778 ne
995 2740 1083 2778 iure
1101 2738 1175 2779 sibi
1190 2741 1334 2780 iterum
1352 2739 1572 2785 obiiciatur,

240 2856 275 2899 1)
302 2867 332 2889 c.
358 2857 422 2890 XX
449 2869 481 2900 p.
509 2860 784 2893 1653—1680.
