1748 2950
351 179 406 219 18
810 177 1221 219 PROLEGOMENA

351 293 437 331 tum
466 288 613 329 seditio
640 299 685 326 ac
714 286 910 326 discordia
947 299 1035 327 eum
1074 288 1229 327 ratione
1266 289 1350 327 sive
1380 289 1575 340 pravitas:
1603 289 1680 328 de-

351 345 548 385 formitati
575 355 669 381 vero
698 344 836 381 similis
866 347 929 382 est
956 344 1152 394 ignoratio
1189 345 1307 383 animi
1333 349 1453 394 atque
1481 346 1680 383 aberratio

352 401 402 438 ab
427 399 534 445 eins,
573 398 678 448 quod
707 403 862 436 rectum
899 403 964 436 est
993 403 1112 448 atque
1140 412 1302 446 verum,
1333 400 1569 449 cognitione.
1625 399 1681 438 Et

353 455 470 493 sicuti
499 454 679 504 corporis
708 452 954 490 deformitati
981 455 1236 503 gymnastico,
1267 456 1415 492 morbis
1444 459 1575 492 autem
1593 467 1680 493 me-

353 510 481 548 dicina
510 508 687 547 remedia
714 508 897 554 adhibet,
935 509 991 545 ita
1022 509 1252 557 pravitatem
1282 521 1328 547 ex
1359 510 1486 548 animo
1517 509 1627 548 tollit
1653 504 1680 557 ἡ

352 560 608 611 κυλαστική,
638 563 923 613 ignorationem
952 575 1046 600 vero
1077 560 1100 611 ἡ
1131 560 1428 612 διδασκαλική.
1483 564 1563 602 lam
1584 575 1680 601 vero

353 617 662 666 διδασκαλικῆς
695 617 773 655 duo
811 622 902 655 sunt
937 630 1084 668 genera
1121 630 1194 669 pro
1231 619 1487 669 ignorationis
1517 619 1682 658 diversi-

351 677 448 715 tate.
506 674 672 723 Spectat
712 673 815 710 enim
852 672 918 710 illa
956 673 1018 710 vc!
1059 672 1106 710 ad
1136 670 1449 725 δημιουργικὰς
1479 674 1681 713 &coaona-

352 728 469 775 λίας,
497 728 560 766 vel
594 732 657 766 est
686 728 870 766 παιδεία.
927 726 1006 766 Est
1034 732 1165 766 antem
1197 741 1334 767 rursus
1363 728 1530 779 duplex,
1569 740 1682 767 seve-

353 784 437 822 rior
465 788 585 832 atque
619 782 768 820 leniora
807 794 897 820 nam
933 779 1175 831 vovt'tertzn'
1212 785 1384 834 graviter
1408 784 1592 834 obiurgat
1618 783 1683 823 vel

354 838 472 877 etiam
502 837 708 883 admonet3
737 837 801 876 cui
830 838 1028 875 contraria
1058 841 1119 875 est
1146 834 1395 888 μαιευτική,
1423 839 1467 883 h.
1495 851 1530 877 e.
1560 850 1683 877 vanae

354 893 579 939 doctrinae,
611 904 711 941 quae
740 891 841 930 falsa
870 892 1008 930 nititur
1028 893 1225 942 opinione,
1249 893 1453 931 refutatio.
1509 893 1563 931 Et
1581 893 1683 931 hauc

355 948 513 998 quidem
552 948 619 997 qui
652 946 815 985 adhibet
843 947 986 993 animo,
1016 948 1049 985 is
1078 959 1173 986 vere
1199 953 1374 986 mentem
1411 960 1579 998 purgare
1610 960 1681 998 pu-

354 1002 496 1042 tandus
535 1006 599 1040 est
641 1003 758 1051 eique
794 1002 988 1052 prodesse
1026 1002 1249 1052 plurimum.
1318 1003 1458 1052 Neque
1487 1004 1589 1041 enim
1618 1015 1683 1041 sa-

353 1058 407 1095 tis
445 1061 508 1097 est
546 1057 580 1094 si
615 1058 767 1094 animus
810 1069 885 1094 non
926 1057 980 1094 sit
1022 1069 1182 1107 pravus,
1223 1060 1269 1096 ιιι
1305 1058 1422 1095 nullis
1461 1058 1600 1108 poenis
1630 1057 1684 1096 sit

355 1113 628 1153 coercendum
659 1125 711 1150 ue
741 1112 868 1161 turpis
897 1111 1054 1160 quidem
1072 1124 1162 1150 esse
1179 1113 1313 1158 debet,
1343 1113 1422 1150 imo
1454 1113 1684 1163 pulcrum

357 1171 521 1217 oportet
555 1179 660 1205 esse.
720 1167 835 1215 Quod
865 1166 1042 1204 efficitur
1069 1167 1236 1205 maxime
1266 1180 1338 1217 per
1367 1180 1454 1206 eam
1480 1167 1682 1207 ὄιόασκα·

353 1220 477 1270 λικῆς
514 1227 690 1272 partem,
730 1234 829 1271 quae
866 1221 971 1259 intus
1008 1221 1177 1260 animum
1208 1227 1452 1272 perpurget,
1481 1227 1527 1262 ιιι
1556 1223 1684 1260 native

354 1277 391 1314 vi
412 1289 482 1315 sua
503 1277 653 1327 polleat
673 1280 792 1325 atque
812 1276 959 1324 vigeat,
989 1277 1154 1314 abiectis
1185 1278 1365 1315 omuibus
1389 1278 1496 1315 vanis
1527 1277 1683 1327 opinio-

354 1332 482 1370 nibus.
548 1331 623 1370 Est
663 1332 784 1381 igitur
818 1330 1008 1369 refutatio
1038 1332 1188 1382 optima
1217 1337 1258 1369 et
1288 1333 1508 1371 certissima
1538 1344 1683 1382 purga·

354 1388 438 1434 tio,
484 1386 595 1425 cuius
632 1387 708 1424 iim
746 1385 960 1425 salutarem
998 1387 1064 1436 qui
1103 1398 1180 1424 nou
1219 1387 1258 1426 in
1296 1400 1340 1425 se
1379 1392 1565 1438 expertus
1604 1391 1682 1434 est,

355 1454 445 1479 enm
480 1442 672 1479 incultum
707 1454 754 1479 ac
793 1441 1018 1479 deformem
1055 1441 1230 1479 iudicare
1259 1441 1450 1481 debemus
1478 1443 1526 1480 iis
1557 1442 1682 1492 parti-

355 1497 449 1543 bus,
492 1509 591 1545 quae
630 1497 669 1534 in
713 1508 762 1534 eo
802 1497 969 1533 maxime
1011 1496 1247 1546 splendeant
1283 1508 1450 1536 necesse
1492 1503 1575 1544 est,
1613 1497 1681 1546 qui

354 1563 450 1589 vere
478 1551 616 1589 beatus
646 1551 805 1589 futurus
836 1552 899 1588 sit.
956 1551 1059 1599 Quid
1101 1552 1252 1600 igitur?
1309 1552 1460 1591 Suntne
1504 1553 1569 1602 qui
1604 1552 1683 1593 hac

354 1611 442 1645 arte
486 1607 716 1656 purgatoria
751 1611 915 1643 utuntur
955 1605 1170 1655 Sophistae
1199 1607 1454 1657 appellandi?
1524 1606 1682 1647 Vereor

354 1660 560 1710 equidem,
599 1667 645 1699 ut
680 1662 728 1698 iis
766 1660 866 1698 haec
903 1665 1010 1698 tanta
1039 1660 1209 1710 dignitas
1237 1667 1357 1711 atque
1386 1661 1557 1711 gravitas
1585 1673 1681 1699 con-

353 1715 529 1753 cedenda
560 1716 624 1753 sit.
690 1715 789 1753 Nam
830 1715 946 1753 etiam
987 1717 1073 1753 caui
1104 1715 1220 1766 lupus
1249 1721 1311 1754 est
1339 1717 1498 1763 similis,
1527 1716 1681 1754 ferissi-

352 1782 458 1808 mum
498 1770 639 1809 animai
681 1771 1010 1808 mansuetissimo.
1074 1771 1323 1820 Omninoque
1366 1772 1408 1810 in
1443 1770 1681 1820 usurpandis

354 1825 674 1863 similitudinibus
714 1826 877 1862 maxima
916 1825 1047 1862 cautio
1085 1825 1308 1863 adhibenda
1334 1830 1408 1864 est.
1444 1826 1681 1865 Nerumu-

352 1892 443 1919 meu
474 1884 585 1918 esto:
615 1879 798 1918 nolumus
829 1881 931 1918 enim
962 1881 1037 1918 iam
1069 1879 1118 1917 de
1148 1881 1298 1930 exiguis
1325 1881 1504 1920 terminis
1520 1891 1682 1919 movere

354 1936 684 1981 controversiam,
714 1935 833 1973 modo
862 1939 979 1973 caute
1011 1936 1306 1984 prudenterque
1335 1940 1566 1974 statuamus.
1623 1934 1682 1974 lta

352 1990 475 2039 igitur
511 1990 732 2041 sophistica
771 1995 834 2028 est
871 2003 963 2041 pars
992 1989 1182 2040 purgandi
1211 1991 1309 2028 artis
1339 1990 1552 2039 quaedam,
1581 2003 1682 2040 quae

352 2046 528 2094 pertinet
555 2045 602 2083 ad
632 2057 752 2083 vanae
776 2046 993 2095 sapientiae
1022 2045 1247 2096 opinionem
1277 2046 1541 2096 castigandum
1559 2051 1681 2097 atque

350 2099 676 2151 redarguendam.
708 2099 774 2152 (Ρ.
802 2101 898 2139 231.
927 2097 994 2148 Β.)

462 2195 656 2247 Dubitare
691 2209 757 2248 hic
794 2222 839 2248 se
868 2207 1018 2247 fatetur
1047 2208 1294 2248 Theaetetus
1333 2209 1384 2248 de
1411 2208 1580 2247 veritate
1609 2193 1681 2249 eo}

349 2273 460 2308 rum,
495 2275 595 2312 quae
634 2264 753 2303 modo
792 2264 974 2314 exposita
1002 2265 1081 2304 sint
1111 2270 1154 2303 et
1191 2276 1433 2315 magnopere
1468 2263 1679 2302 haesitare.

350 2317 424 2355 Cui
455 2317 640 2356 Eleates:
685 2318 740 2358 At
777 2319 959 2357 nimirum
993 2319 1184 2370 Sophista
1224 2331 1380 2369 quoqne
1411 2330 1514 2357 nime
1541 2317 1679 2357 existi·
1733 2317 1744 2328 ”

349 2373 514 2411 mandas
552 2377 617 2411 est
653 2373 766 2411 valde
803 2373 1024 2420 haesitare..
1066 2387 1143 2424 quo
1174 2375 1332 2413 tandem
1359 2380 1476 2425 pacto
1502 2379 1679 2412 nostram

350 2427 528 2477 effugere
558 2430 687 2478 possit
726 2429 969 2475 orationem
1006 2430 1211 2467 verissime
1235 2431 1351 2474 ⁴enim
1389 2429 1428 2466 in
1468 2429 1680 2479 proverbio

349 2481 514 2528 dicitur,
561 2495 639 2521 non
687 2495 778 2523 esse
826 2483 943 2521 facile
990 2495 1128 2522 omnes
1174 2483 1335 2523 eludere
1379 2482 1679 2534 prehensiones.

348 2536 433 2585 Age
463 2538 597 2586 igitur,
625 2538 755 2582 denuo
785 2551 875 2576 eum
904 2539 1139 2579 adoriamur.
1200 2539 1409 2579 Videamus
1436 2543 1566 2576 tamen
1584 2542 1680 2577 ante

349 2592 490 2636 omnia,
521 2597 617 2641 quot
645 2593 859 2644 Sophistae
887 2594 1044 2644 speeies
1074 2593 1203 2633 adhue
1231 2606 1277 2632 se
1305 2594 1418 2632 nobis
1448 2593 1678 2632 obtulerint.

349 2645 523 2689 Primum
561 2648 682 2701 igitur
721 2649 828 2688 visus
867 2655 932 2688 est
962 2661 1053 2687 esse
1081 2649 1262 2689 iuvenum
1292 2652 1336 2686 et
1365 2648 1531 2688 divitum
1559 2659 1677 2687 vena-
