1716 2970
674 141 971 177 ΘΕΑΙΤΗΤΟΣ.
1479 135 1534 178 53

111 265 299 323 χθῆναι
348 266 460 342 ἔφη
458 261 508 307 δὲ
530 262 591 322 τῷ
616 278 662 305 τε
696 259 922 318 γεωμέτρῃ
956 254 1175 317 Θεοδώρῳ
1209 256 1283 300 καὶ
1312 256 1373 316 τῷ
1399 261 1531 300 Θεαι-
1550 263 1615 294 143

111 329 239 392 τήτω.
297 334 372 377 ἵνα
403 348 487 375 ουν
519 330 568 375 ἐν
591 330 646 387 τῇ
680 328 833 386 γραφῇ
862 324 923 384 μὴ
953 326 1190 384 παρέχοιεν
1221 321 1457 381 πράγματα
1489 324 1539 367 αἱ
1552 329 1580 362 C

111 397 274 457 μεταξύ
298 417 388 444 των
418 394 563 455 λόγων
587 394 842 454 διηγήσεις,
867 394 968 452 περὶ
1005 391 1142 439 αὑτοῦ
1173 409 1221 437 τε
1253 389 1384 437 ὁπότε
1417 390 1536 447 λέγοι

111 464 134 512 ὁ
167 464 432 524 Σωκράτης,
466 462 577 510 οἷον
594 465 667 509 καὶ
702 462 788 520 ἐγώ
821 467 936 520 ἔφην
969 457 995 519 ἢ
1029 461 1103 506 καὶ
1137 458 1223 518 ἐγώ
1248 454 1454 515 εἷπον,
1426 477 1452 515 η
1479 459 1535 502 αὐ

78 557 93 580 .·‚
113 535 215 592 περὶ
237 535 316 580 τοῦ
339 529 708 592 ἀποκρινομένου,
732 550 797 576 οτι
821 530 998 588 συνέφη
1022 525 1050 587 ἢ
1069 524 1150 587 οὐχ
1175 525 1412 586 ὡμολόγει,
1432 523 1536 571 τού-

61 895 92 920 10

111 620 201 648 των
223 603 354 647 ἕνεκα
389 597 448 655 ὦς
480 598 618 646 αὐτὸν
650 597 802 652 αὐτοῖς
827 595 1144 656 διαλεγόμενον
1176 600 1349 654 ἔγραψα
1376 591 1537 648 ἐξελών

109 668 162 715 τὰ
185 672 378 715 τοιαῦτα.

218 742 340 784 ΤΕΡ.
398 736 486 782 Καὶ
510 732 649 782 ουδέν
672 753 723 793 γε
746 731 833 780 ἀπὸ
858 731 1047 792 τρόπου,
1073 725 1108 778 ὠ
1132 730 1370 788 Εὖκλείδη.

212 811 302 850 ΕΤ.
349 801 503 861 Ἀλλά,
527 814 632 860 παῖ’,
658 802 768 860 λαβε
791 799 840 848 τὸ
864 806 1039 859 βιβλίον
1062 802 1136 846 καὶ
1161 802 1272 857 λέγε.
1299 825 1367 830 —-

211 869 278 916 H.
334 877 434 918 ΣΩ,
485 875 545 918 Εἰ
574 870 658 929 μὲν
688 873 779 916 τῶν
812 871 861 915 ἐν
885 866 1073 928 Κυρήνῃ
1104 869 1272 926 μᾶλλον
1298 863 1535 924 ἐκηδόμην,

112 933 146 985 ὦ
172 938 398 998 Θεόδωρε,
422 937 475 984 τὰ
500 935 642 985 ἑκεῑ”
613 957 671 983 αν
703 952 754 983 σε
785 938 860 983 καὶ
891 937 994 995 περὶ
1028 939 1213 982 ἐκείνων
1245 932 1301 980 ἂν
1333 932 1534 992 ἠρώτων,
1552 940 1584 973 D

112 1014 158 1052 εἴ
175 1025 292 1059 τινες
317 1004 478 1052 αὐτόθι
501 1007 602 1064 περὶ
628 1002 958 1065 γεωμετρίαν”
929 1024 957 1063 η
976 1022 1075 1050 τινα
1099 1001 1240 1062 αλλην
1264 1007 1537 1060 φιλοσοφίαν

111 1076 197 1120 εἰσὶ
221 1076 311 1120 τῶν
341 1075 459 1120 νέων
491 1074 747 1133 ἐπιμέλειαν
776 1071 1056 1132 ποιούμενοι
1096 1073 1183 1118 νῦν
1213 1063 1317 1116 δὲ
1288 1089 1420 1128 ηττον
1452 1069 1535 1128 γὰρ

112 1138 360 1196 ἐκείνους”
333 1161 361 1200 η
379 1140 541 1188 τούσδε
565 1144 706 1200 φιλῶ,
731 1142 805 1187 καὶ
823 1144 994 1200 μᾶλλον
1011 1142 1217 1198 ἐπιθυμῶ
1236 1139 1404 1184 εἰδέναι
1422 1143 1538 1191 τίνες

77 1230 93 1246 ³
113 1206 218 1268 ἡμῖν
255 1212 347 1255 τῶν
386 1211 503 1255 νέων
543 1211 737 1264 ἐπίδοξοι
776 1210 990 1267 γενέσθαι
1034 1210 1259 1260 ἐπιεικεῖς·
1301 1209 1438 1252 ταῦτα
1482 1204 1538 1264 δὴ

112 1275 243 1330 αὐτός
283 1295 331 1322 τε
371 1281 522 1323 σκοπῶ
563 1273 671 1322 καθ’
705 1274 814 1323 ὅσον
856 1275 1074 1335 δύναμαι,
1115 1276 1187 1320 καὶ
1229 1272 1333 1328 τούς
1374 1271 1538 1328 ἅλλους

113 1346 263 1402 ἐρωτῶ
284 1341 350 1398 οἷς
373 1342 431 1390 ἄν
454 1341 543 1403 ὁρῶ
567 1343 672 1398 τούς
690 1347 821 1398 νέους
841 1345 1078 1397 ἐθέλοντας
1097 1345 1432 1401 ξυγγίγνεσθαι.
1467 1343 1537 1387 σοὶ

202 1479 222 1510 3
245 1470 364 1510 αὑτοῦ
386 1477 476 1528 ΗιίΓ.
507 1487 587 1509 cum
615 1477 862 1530 Buttmanno,
892 1472 1011 1510 αὑτοῦ
1038 1475 1137 1509 libri.
1233 1477 1271 1507 11
1303 1468 1350 1507 ἄν
1382 1469 1537 1518 ἠρώτων

113 1521 234 1556 SHAH
247 1523 366 1562 Hm„
391 1515 545 1565 ἠρώτων
561 1522 650 1563 BF,
674 1517 880 1565 ἀνηρώτων
904 1530 937 1558 ς.

111 1628 328 1690 στοφοῖνονς
359 1632 559 1686 κωμῳδίᾳ,
600 1628 787 1685 Σωκράτη

111 1676 197 1712 τινὰ
232 1674 313 1712 ἐκεῖ
347 1675 669 1721 περιφερόμενον,
710 1674 786 1721 φοί·

111 1733 252 1757 σκοντα
265 1725 344 1757 κτλ.
360 1724 450 1757 ΟΡι..
477 1724 535 1756 Cf.
551 1724 649 1767 adp.
670 1725 785 1758 15113.

156 1771 176 1801 2
201 1768 267 1802 ινα
290 1760 359 1802 οὖν
382 1764 423 1802 ἐν
448 1768 493 1811 τῇ
517 1768 658 1812 γραφῇ
708 1769 784 1802 Οἰο.

111 1814 216 1847 Lael.
237 1816 273 1855 1,
293 1816 314 1847 3
337 1814 423 1846 Eius
446 1815 685 1856 disputationis
707 1825 787 1848 sen-

113 1860 236 1891 tentias
248 1861 426 1892 memoriae
439 1860 604 1901 mandavi,
623 1870 707 1902 quas
722 1860 786 1893 hoe

111 1903 198 1936 libro
214 1904 362 1945 exposui
383 1903 554 1936 arbitratu
575 1915 668 1942 meo‚·
691 1906 789 1947 quasi

112 1949 198 1980 em’m
211 1949 306 1990 ipsos
320 1949 443 1980 indua-i
466 1950 657 1991 loquentes,
680 1961 722 1982 ne
738 1951 788 1981 in-

113 2004 209 2036 quam
233 1998 266 2025 et
289 1993 397 2036 inquit
425 1995 564 2035 saepius
593 1995 787 2036 interpone-

111 2042 226 2078 retur,
258 2042 295 2070 at

110 2083 260 2115 sentibus
271 2094 387 2116 coram
402 2083 522 2116 haberi
534 2094 643 2116 sermo
659 2085 789 2117 videre-

112 2133 177 2160 tur.
210 2128 311 2163 ΗΒΕ.
388 2160 403 2177 ⁷

157 2175 178 2206 3
195 2182 234 2205 τε
253 2190 294 2196 -
309 2165 335 2215 ἢ
353 2183 414 2206 av.
447 2173 613 2205 Eandem
630 2173 790 2216 particu-

110 2217 227 2250 larum
241 2218 492 2250 confusionem
508 2218 623 2251 habes
634 2229 668 2261 p.
683 2219 786 2252 203ss

111 2272 152 2296 τε
173 2279 207 2285 —
236 2257 275 2295 δ’
300 2253 362 2296 αὖ.
388 2263 437 2298 cf.
454 2263 722 2296 Stallbaumius
740 2264 787 2296 ad

113 2307 233 2342 Meno.
251 2308 396 2360 129513.

156 2347 269 2386 8ἆπο
287 2347 441 2404 τρόπον.
475 2352 533 2386 Cf
551 2353 642 2396 prol.
657 2355 714 2386 44.

157 2400 177 2431 9
207 2393 298 2440 λαβὲ
333 2392 374 2431 τὸ
412 2396 563 2441 βιβλίον
592 2396 659 2431 καὶ
688 2396 784 2442 λέγε.

111 2441 288 2475 Fortasse
306 2443 428 2475 facete
446 2443 594 2478 dictum.
634 2444 788 2477 Videtur

114 2497 210 2519 emm
217 2483 342 2531 λέγειν
355 2498 400 2520 re
410 2488 503 2520 cita
512 2499 536 2520 ιι
545 2488 588 2520 di
601 2489 788 2531 signifiea-

111 2532 211 2564 tione
228 2532 268 2564 in
283 2542 352 2566 usu
368 2533 484 2566 fuisse
502 2537 702 2574 oratorum,
725 2535 788 2576 qui

111 2577 149 2608 in
165 2577 303 2610 iudicio
321 2577 509 2611 decretum
525 2578 673 2620 aliquod
696 2579 787 2612 reci-

112 2622 186 2653 tari
208 2622 404 2655 iusserunt.
449 2624 553 2656 Dem.
579 2624 624 2656 de
647 2634 719 2656 eor.
743 2625 786 2657 28

113 2661 198 2708 λέγε
237 2666 370 2700 τοίνυν
415 2678 480 2709 μοι
519 2665 562 2701 τὸ
602 2665 787 2725 ’ψηφισμα

112 2708 218 2743 τουτὶ
215 2707 376 2763 λαβών,
401 2714 467 2746 305
486 2710 570 2756 λέγε
586 2724 652 2756 μοι
674 2712 787 2747 ταυτὶ

112 2753 177 2788 και
202 2750 403 2799 ἀνάγνωθι
420 2757 571 2809 λαβών.
609 2759 787 2792 Aristocr.

111 2802 154 2832 22
165 2797 270 2856 λαβὲ
279 2768 342 2844 γδή
367 2797 455 2841 τοὺς
480 2797 620 2845 νόμους
643 2797 786 2842 αυτοὺς

111 2843 177 2878 καὶ
196 2847 298 2889 λεγε,
315 2846 363 2880 al.

296 2048 360 2081 que
383 2043 420 2070 ut
444 2044 609 2080 tamquam
640 2050 662 2071 a
682 2049 790 2081 prae-

904 1636 943 1666 11
969 1629 1015 1667 τοὶ
1042 1629 1126 1667 εἰιεῖ
1146 1644 1194 1666 αν
1214 1651 1258 1656 -
1287 1644 1334 1665 αν
1341 1626 1532 1689 ήρωτων.

855 1679 911 1712 De
929 1689 1006 1722 rep.
1024 1680 1096 1712 VII
1112 1678 1214 1712 5260
1233 1689 1304 1711 ουκ
1327 1689 1376 1710 αν
1392 1674 1536 1722 ρᾳδίως

856 1719 951 1758 ουδὲ
989 1720 1115 1758 πολλὰ
1160 1734 1208 1756 αν
1236 1733 1386 1774 ευροις.
1443 1723 1534 1757 Cpr..

855 1771 977 1805 Meno.
1001 1781 1038 1813 p.
1056 1770 1138 1803 891⁴]
1163 1762 1317 1807 εἰκότως
1335 1762 1373 1802 δ’
1400 1762 1448 1802 ἂν
1471 1779 1533 1811 με-

854 1814 1042 1856 ταδοῖμεν
1057 1810 1120 1848 ἄν.

902 1861 943 1892 12
961 1859 1210 1902 φιλοσοφίαν.
1239 1860 1415 1892 ‘Auctore
1430 1858 1537 1891 Cice-

856 1915 944 1937 rone
969 1905 1014 1937 de
1044 1916 1095 1940 or.
1118 1905 1176 1938 III
1206 1906 1266 1947 16,
1291 1906 1335 1937 60
1358 1909 1445 1937 ante
1470 1903 1536 1937 So-

857 1953 996 1982 cratem
1035 1953 1140 1982 omm‘s
1185 1960 1298 1982 rerum
1337 1950 1536 1991 optimarum

856 1996 1003 2037 comitio
1018 2000 1119 2038 atque
1132 1996 1167 2027 in
1183 1997 1226 2028 iis
1242 1995 1446 2027 exercitatio
1461 1994 1536 2036 plei-

858 2040 1013 2081 losophia
1051 2043 1221 2073 nominata
1260 2044 1311 2072 est
1347 2042 1386 2072 et
1425 2039 1537 2072 docet

857 2084 1032 2117 tractatio
1045 2088 1210 2117 veterum
1223 2085 1445 2127 scriptorum
1461 2095 1535 2117 om-

857 2129 966 2162 nibus
982 2129 1190 2172 disciplinis
1204 2130 1273 2163 hoc
1289 2139 1421 2162 nomen
1439 2140 1534 2162 com·

857 2184 965 2207 mune
986 2174 1132 2209 fuisse)
1170 2176 1306 2208 Monus
1330 2174 1378 2207 ad
1394 2175 1442 2208 Is.
1467 2185 1534 2217 pa-

856 2230 940 2262 neg.
970 2230 1001 2252 ο.
1027 2222 1044 2252 1
1071 2224 1160 2253 extr.
1195 2221 1292 2253 Hinc
1320 2220 1359 2252 in
1387 2221 1533 2255 Menex‚

858 2275 893 2307 p.
911 2265 1018 2298 234A
1034 2260 1272 2304 παιδεύσεως
1288 2263 1355 2298 καὶ
1377 2266 1533 2307 φιλοσο-

857 2309 952 2352 φίας
974 2305 1038 2343 ε’πὶ
1061 2307 1162 2344 τέλει
1185 2306 1278 2366 ἡγεῖ
1296 2306 1418 2351 εἷναις
1451 2310 1535 2342 STB.

857 2355 915 2388 cf.
947 2366 979 2397 p.
1015 2355 1122 2388 1720
1159 2352 1198 2389 οἱ
1232 2351 1274 2389 ἑν
1307 2358 1393 2394 ταις
1424 2356 1533 2397 φιλο-

855 2399 1013 2443 σοφίαις
1049 2396 1172 2434 πολὺν
1212 2395 1348 2442 χρόνον
1386 2399 1533 2442 διατρί-

855 2451 1014 2487 ψαντες.

903 2492 945 2524 13
962 2490 1034 2524 νῦν
1051 2485 1247 2534 δε-γοῖρ,
1273 2503 1351 2524 nun
1368 2491 1472 2523 aber
1488 2507 1532 2512 -—-

849 2537 920 2586 ζα,
939 2536 1066 2568 eadem
1081 2538 1223 2569 ratione
1240 2540 1443 2579 iunguntur
1460 2545 1534 2577 qua

856 2574 955 2614 ἀλλὰ
977 2598 1024 2604 —-
1045 2575 1131 2624 γάρ.
1173 2564 1326 2615 Lorum²³
1330 2582 1422 2614 satis
1446 2591 1532 2613 con-

855 2626 1178 2679 gessstHeusffius,
1194 2637 1291 2669 spec.
1308 2627 1390 2658 erit.
1405 2637 1439 2668 p.
1450 2627 1531 2680 'Isq-

902 2672 943 2703 15
964 2666 1071 2714 ἡμῖν.
1103 2671 1190 2708 Her.
1207 2673 1225 2705 1
1242 2673 1285 2705 89
1302 2666 1396 2704 τάδε
1415 2681 1472 2703 τοι
1490 2665 1530 2711 ἐξ

857 2710 1003 2749 αὐτέων
1019 2711 1182 2758 ἐπίδοξα
1198 2715 1394 2760 γενέσθαι.

902 2756 1087 2814 ἐπίδοξοι.
1132 2762 1269 2795 Moeris
1299 2772 1332 2804 p.
1358 2762 1422 2792 471
1452 2755 1529 2793 ἐπί-

856 2804 970 2847 δοξος
986 2801 1082 2855 οὐχὶ
1118 2802 1137 2840 ὁ
1168 2804 1346 2847 ε’,νδοξος
1385 2800 1471 2838 ἀλλ’
1507 2800 1527 2839 ὁ

852 2846 1124 2894 προςδόκιμος,
1143 2853 1255 2885 ubiv.
1274 2852 1376 2883 Piers
1363 2861 1439 2885 on.
