1748 2950
74 848 105 873 10

76 1185 108 1210 15

685 94 983 131 ΘΕΑΙΤΗΤΟΣ.
1466 91 1547 134 163

225 223 383 264 ΘΕΑΙ.
430 215 492 263 Τὰ
516 224 621 261 ποῖα
648 212 725 271 ὃή;

224 291 324 332 Σῼ.
366 282 462 331 Οὐκ
487 285 572 342 ε’ρω
597 297 667 327 σοι
691 278 840 340 πρὶν
823 279 879 326 ἂν
903 280 1106 338 πανταχῇ
1130 280 1332 335 πειραθῶ
1355 279 1546 323 σκοπῶν.

124 357 418 412 αἰσχυνοίμην
440 350 524 410 γὰρ
548 347 604 396 ἂν
627 346 741 407 νπὲρ
766 347 905 407 ἡμῶν,
933 350 981 393 ἐν
1006 340 1040 408 ῶ
1064 344 1334 405 ἀποροῦμεν,
1353 342 1549 403 ἀναγκα-

126 425 318 481 ζομένων
340 418 571 479 ὁμολογεῖν
596 415 667 464 οἷα
693 418 817 475 λέγω.
874 413 973 461 ἀλλ’
1002 413 1080 460 ἐαν
1105 412 1306 473 εὕρωμεν
1329 415 1404 459 καὶ
1427 412 1550 459 ἐλεύ-

124 497 253 547 θεροι
283 486 543 547 γενώμεθα,
575 483 667 532 τότ’
702 483 789 543 ἤδη
820 486 923 543 περὶ
962 486 1051 529 τῶν
1084 481 1233 528 ἄλλων
1268 483 1456 540 ἐροῦμεν
1489 480 1547 535 ὡς

124 555 383 615 πασχόντων
407 553 535 613 αὐτά,
564 554 685 607 ε’κτὸς
708 555 788 599 τοῦ
811 557 989 611 γελοίου
1008 553 1211 604 ἑστῶτες·
1239 549 1317 595 ἐὰν
1337 550 1386 595 δὲ
1403 568 1548 609 παντῃ

123 623 438 683 ἀπορήσωμεν,
470 623 845 679 ταπεινωθέντες,
879 620 1021 679 οἶμαι,
1062 621 1124 680 τῷ
1154 616 1271 679 λόγῳ
1303 620 1550 676 παρέξομεν

124 689 183 746 ῶς
207 694 474 745 ναυτιῶντες
498 702 656 736 πατεῖν
689 708 736 735 τε
770 691 845 734 καὶ
868 691 1062 747 χρῆσθαι
1096 684 1119 733 ὅ
1152 707 1194 732 τι
1230 683 1286 732 ἂν
1322 685 1548 744 βούληται.

122 753 152 820 ᾗ
175 753 257 806 οὖν
282 764 345 805 ἔτι
369 758 510 816 πόρον
533 756 633 804 τινὰ
658 756 850 815 εὑρίσκω
874 759 954 803 τοῦ
979 753 1216 814 ζητήματος
1240 753 1373 813 ἡμῖν,
1399 753 1547 800 ἄκουε.

227 833 387 874 ΘΕΑΙ.
424 828 539 885 Λέγε
563 824 712 884 μόνον.

229 902 328 942 ΣΩ.
369 892 438 941 Οὐ
470 893 598 953 φήσω
633 890 744 952 ἡμᾶς
777 890 924 950 ὀρθῶς
955 890 1247 950 ὁμολογῆσαι,
1281 888 1413 948 ἡνίκα
1439 889 1550 949 ὠμο-

125 962 396 1021 λογήσαμεν,
422 959 450 1007 ἅ
473 981 538 1015 τις
561 961 710 1019 οἶδεν,
736 957 961 1006 ἀδύνατον
986 958 1167 1013 δοξάσαι
1201 955 1228 1003 ἂ
1252 957 1310 1017 μὴ
1336 958 1460 1004 οἶδεν
1486 958 1550 1003 εἶ-

125 1049 200 1077 ναι
224 1028 359 1087 αὐτά,
385 1031 458 1075 καὶ
482 1032 759 1086 ψευσθῆναι
787 1026 898 1073 αλλα
922 1046 984 1087 πῃ
1010 1025 1215 1073 δυνατόν.

228 1104 386 1144 ΘΕΑΙ.
424 1092 533 1154 Αρα
557 1099 698 1155 λέγεις
722 1093 746 1142 ὃ
770 1098 843 1141 καὶ
869 1093 954 1177 ἐγώ
978 1094 1077 1141 τότε
1100 1094 1398 1152 ὑπώπτευσα,
1425 1092 1547 1152 ἡνίκ’

127 1163 234 1211 αὐτὸ
271 1171 461 1224 ἔφαμεν,
493 1168 693 1211 τοιοῦτον
726 1164 866 1221 εἶναι,
898 1183 965 1209 οτι
1000 1160 1135 1209 ἐνίοτ’
1172 1161 1255 1221 ἐγω
1287 1161 1551 1221 γιγνώσκων

127 1232 369 1293 Σωκρατη,
412 1232 650 1292 πόρρωθεν
690 1233 739 1278 δὲ
780 1229 899 1291 ὁρῶν
940 1228 1076 1277 ἄλλον
1116 1227 1169 1276 ὃν
1209 1229 1262 1277 οὐ
1303 1229 1550 1291 γιγνώσκω,

217 1401 237 1432 2
262 1401 420 1432 σκοπεῖν
442 1400 550 1432 Hseh.

125 1444 237 1486 bitum,
257 1440 350 1477 αὐτὸ
370 1439 480 1478 αὐτοὶ
498 1445 592 1477 coni.
609 1445 697 1485 de.
709 1470 719 1487 ‚
745 1438 855 1477 αὐτοὶ
878 1444 956 1479 Tur.
976 1454 1020 1476 ex
1037 1444 1133 1476 Astii
1153 1444 1376 1477 coniectura»
1405 1448 1547 1488 ‘utpote

125 1491 200 1533 ipsi
218 1491 264 1523 ab
282 1490 487 1522 huiusmodi
504 1489 656 1522 ridiculo
674 1500 795 1522 errore
812 1490 957 1532 penitus
976 1488 1115 1522 alieni)
1140 1489 1306 1522 Ficinus.

661 1400 681 1431 6
705 1394 804 1431 αὐτοι
828 1409 894 1432 om.
920 1398 1050 1431 ΣῩΒἃ
1067 1391 1183 1439 (αυτα
1207 1398 1245 1430 in
1270 1398 1399 1442 marg.)
1425 1400 1548 1432 EFzr

171 1637 191 1668 2
234 1635 411 1678 πειραθῶ
451 1634 612 1669 σκοπῶν.
672 1634 805 1678 πειρᾶ-
875 1637 1067 1671 curationi
1091 1636 1219 1688 Gorg.
1237 1636 1341 1669 456ss
1364 1633 1549 1689 πολλάκις

126 1681 223 1714 σθαι
251 1691 331 1713 cum
359 1681 587 1714 nominativo
615 1681 805 1724 participii

128 1726 377 1765 coniunctum,
411 1727 464 1758 ita
494 1730 535 1759 ut
567 1727 804 1769 participium

127 1771 171 1803 de
204 1771 332 1804 eadem
363 1781 522 1813 persona
549 1771 801 1813 intellegatur,

128 1815 170 1848 de
212 1826 283 1858 qua
321 1817 487 1857 verbum,
528 1815 714 1850 Herodoto
748 1821 804 1849 est

127 1841 803 1904 usitatissimum(Se'hweighaeuserus

130 1905 176 1938 ad
190 1906 276 1938 Her.
290 1905 306 1937 Ι
324 1904 398 1948 77),
418 1906 516 1958 apud
529 1906 720 1939 Platonem
738 1917 801 1939 au-

127 1954 203 1983 tem
215 1961 252 1983 re
282 1951 396 1983 eritur
411 1952 522 1982 etiam
532 1950 625 1984 Phil.
635 1952 710 1983 21A
726 1946 802 1984 Ου-

127 1995 222 2028 κοῡν
265 2006 286 2027 ν
316 1994 376 2028 σοὶ
397 1990 621 2038 πειρώμεθα
644 1995 803 2047 βασανί-

127 2041 255 2082 ζοντες
283 2039 421 2081 ταῦτα;
458 2039 584 2092 (Hm.)
618 2041 698 2074 600
728 2035 803 2075 Οὐ-

126 2085 222 2119 κοῦν
238 2084 288 2130 τῷ
304 2083 399 2139 λόγῳ
413 2066 677 2140 ἐπειραθημεν
691 2085 803 2130 χωρὶς

127 2121 306 2182 ἒκατερον
325 2125 511 2184 ἑκατέρου
542 2129 718 2171 τιθέντες
749 2129 803 2171 εἰς

129 2171 197 2209 τὸν
217 2175 301 2228 βίαν
318 2171 502 2228 ἕκάστων;

173 2223 193 2254 6
233 2232 332 2254 αντα
366 2231 414 2255 se.
443 2216 485 2254 το“
514 2215 803 2265 αναγκάζεσθαι

125 2261 328 2319 ὁμολογεῖν
344 2265 515 2299 τοιαῦτα.
550 2267 606 2300 De
625 2269 804 2310 pronomi-

127 2311 185 2344 nis
202 2322 352 2344 numero
376 2312 509 2363 plurali
535 2313 583 2344 cf
603 2323 624 2344 a
625 2279 700 2347 p.ol
720 2314 802 2346 19D

127 2351 293 2410 φράζετε
305 2348 374 2390 οὖν
397 2351 576 2397 ἀλλήλοις
600 2368 616 2391 ε
651 2353 802 2392 πώποτε

127 2367 357 2457 ιξ’)σμικρόνῆ
369 2398 613 2455 μὲγαῆκουσέ
627 2414 683 2442 τις
696 2399 802 2446 ὑμῶν

148 2445 220 2495 μοῦ
246 2445 332 2489 περι
362 2447 436 2480 τῶν
462 2445 646 2482 τοιούτων
675 2447 802 2482 διαλε-

129 2486 308 2532 γομένου·
332 2490 398 2524 καὶ
429 2486 470 2526 ἐκ
498 2504 644 2527 τουτων
665 2489 799 2536 γνώσε-

130 2535 203 2568 σθε
219 2539 296 2571 κτλ.
305 2537 397 2590 ,ubi
415 2538 802 2572 v.n0t.Sta11baumii.

175 2575 281 2619 ἐκτὸς
305 2598 347 2605 -
370 2576 527 2623 ἑστῶτες
559 2584 803 2638 ‘epexegesin

131 2625 322 2659 continent
359 2630 549 2663 verborum
583 2623 663 2662 τότ’
695 2624 800 2672 ἤδη]

131 2669 290 2703 sunm.

176 2716 194 2747 7
209 2710 432 2761 παρέξομεν.
451 2716 634 2762 παρέχειν
645 2719 803 2752 intrans-

130 2760 221 2793 itive
246 2770 358 2813 saepe
379 2768 578 2808 usurpatur
611 2764 655 2798 de
679 2775 804 2808 aegro-

129 2805 189 2844 tis,
208 2805 270 2847 qui
283 2808 505 2843 medicorum
519 2821 558 2844 se
572 2810 805 2843 committunt

873 1678 944 1723 γὰρ
966 1676 1043 1737 ἤδη
1076 1677 1192 1733 ἐγωγε
1220 1677 1316 1733 μετοὶ
1343 1681 1411 1715 τοῦ
1436 1677 1548 1717 ἀδελ-

874 1720 1288 1828 ἕέἓῗλῗιὲἴὲἰῖέῗῖνὲ
1282 1721 1549 1824 {ffzzzssjffffsiss

872 1828 946 1849 των
971 1810 1058 1870 οὐχὶ
1080 1811 1269 1850 ἐθέλοντα
1298 1809 1323 1859 ἢ
1345 1829 1550 1861 φαρμακον

870 1864 977 1895 πιεῖν
998 1856 1021 1905 ἢ
1041 1864 1178 1913 “vssssbscv
1207 1856 1231 1904 ἢ
1259 1861 1399 1895 καῦσαι
1427 1875 1549 1917 παρα·

870 1909 975 1950 σχεῖν
1004 1906 1054 1948 τῷ
1085 1904 1212 1959 ἰατρῷ
1254 1918 1288 1950 p.
1313 1909 1419 1941 475D
1453 1905 1550 1943 ἀλλὰ

870 1952 1056 2005 γενναίως
1072 1951 1128 2004 τῷ
1156 1950 1252 1996 λόγῳ
1282 1947 1405 1995 ὥσπερ
1431 1951 1548 2005 ἰατρῷ

870 1994 1048 2050 παρέχων
1059 1987 1279 2048 απρκρίνου.
1297 2008 1330 2040 p.
1340 1998 1438 2031 4800
1452 1967 1550 2033 αλλὰ

870 2040 1065 2096 παρέχειν
1070 2039 1244 2085 μύσαντα
1267 2041 1333 2075 καὶ
1337 2037 1548 2094 ἀνδρείως,

871 2080 995 2129 ὥσπερ
1023 2098 1177 2129 τεμνειν
1205 2086 1270 2121 καὶ
1295 2083 1405 2121 κάειν
1434 2087 1550 2136 ἰατρῷ

870 2133 950 2166 κτλ.
994 2133 1092 2166 Prot.
1123 2133 1229 2166 348A
1263 2133 1406 2166 Charm.
1433 2127 1546 2171 176132.

872 2178 1081 2211 ‘Tractavit
1107 2178 1203 2210 huno
1232 2178 1352 2211 locum
1375 2180 1447 2222 Wy
1450 2185 1549 2214 ‘nten-

871 2223 1026 2256 bachius
1049 2223 1138 2258 bibl.
1155 2224 1236 2257 crit.
1254 2224 1328 2256 ΙΙ
1309 2226 1367 2267 ”p
1372 2227 1459 2265 .46,
1485 2228 1548 2259 ubi

870 2268 976 2301 docte
1006 2269 1219 2302 observavit
1245 2269 1393 2302 Platoni
1421 2272 1549 2304 obver-

873 2317 991 2346 satum
1007 2324 1088 2346 esse
1106 2314 1226 2347 locum
1239 2314 1432 2369 Sophoclis
1444 2318 1547 2350 Aiae.

873 2360 959 2391 1142
977 2369 1055 2412 sqq.
1078 2354 1182 2402 Ἤδη
1199 2370 1272 2393 ποτ
1279 2326 1414 2394 Ῥεἷὸον
1432 2355 1545 2405 ἄνδρ’

873 2398 944 2454 ἐγώ
957 2401 1103 2447 γλώσσῃ
1114 2399 1421 2457 θρασύνναύτας
1435 2402 1548 2460 ἐφορ-

871 2442 1061 2502 μήσαντα
1062 2449 1258 2503 χειμῶνος
1285 2446 1327 2483 τὸ
1357 2452 1489 2494 πλεῖν,
1517 2445 1548 2498 ᾦ

938 2489 1022 2538 ε’γμ’
1048 2506 1097 2527 αν
1119 2490 1188 2528 οὐκ
1212 2507 1260 2528 αν
1282 2487 1410 2553 εὗρες,
1439 2477 1546 2550 ἡνίκ’

871 2494 935 2572 ἔνθ
934 2539 1047 2592 κακῷ
1078 2539 1261 2583 χειμῶνος
1291 2538 1407 2584 ει’χετ’
1419 2567 1426 2580 ,
1458 2537 1545 2575 αλλ’

870 2579 943 2627 υφ’
963 2584 1116 2639 ειματος
1133 2584 1294 2628 κρνφεὶς
1306 2589 1444 2620 πατεῖν
1452 2598 1546 2629 παρ-

873 2631 951 2672 εῖχε
979 2629 1030 2673 τῷ
1053 2628 1211 2664 θέλοντι
1234 2631 1435 2667 ναυτίλων.
1491 2633 1547 2665 Ad

871 2684 965 2717 quae
995 2667 1076 2708 c'ate
1103 2676 1296 2710 admodum
1319 2677 1547 2710 Lobeckius.

870 2720 939 2752 Vel
957 2720 1149 2763 Sophoclis
1161 2732 1317 2762 versum,
1336 2722 1470 2764 inquit,
1488 2723 1548 2756 vel

870 2766 1103 2808 proverbium
1126 2767 1252 2799 tritum
1268 2767 1376 2799 Plato
1400 2777 1548 2810 expres-

873 2811 950 2844 sit.’
990 2810 1296 2845 STALLBAtmms.

1209 2867 1276 2901 11*

1576 423 1637 455 191

1572 1036 1601 1068 Β
