1748 2950
546 110 617 152 AD
650 109 979 162 sopntsTA-M.
1391 111 1448 152 49

82 223 348 276 igitur-„hunc
392 222 435 263 iu
470 221 903 276 moduindisputare:
961 223 1058 272 „At
1094 235 1216 271 voro,
1257 224 1366 275 quod
1396 237 1446 265 ex

81 281 158 323 hac
190 281 351 332 quidem
386 284 506 332 parte
536 280 793 332 perspicuum
823 292 916 319 esse
955 284 998 319 et
1027 292 1123 319 vcro
1155 294 1176 319 a
1204 293 1272 329 me
1303 282 1443 333 dispu-

81 341 210 379 tatum
240 339 327 377 sine
346 341 349 343 ’
370 337 449 376 ulla
480 337 734 378 dubitatione
763 337 1102 386 confirmaverim,
1143 349 1192 378 ex
1221 337 1349 375 altera
1381 343 1443 377 ta-

81 406 172 438 men
222 408 273 442 ne
326 394 384 433 sic
422 393 584 443 ‚quidem
626 393 675 432 ab
719 393 828 432 omui
872 393 964 432 labe
1012 394 1188 432 immune
1233 393 1442 433 videtur.“

81 449 210 496 Item!
249 451 387 502 quidni
417 462 529 502 vero,
560 462 679 501 quum
710 449 808 488 illud
841 450 928 488 sine
951 450 1200 498 dubitatione
1230 463 1253 488 a
1279 463 1328 488 ⁴se
1359 451 1443 490 dis·

80 511 267 559 putatum
307 518 399 551 esse
439 505 558 544 modo
590 506 802 557 professus
833 506 917 545 sit‘!
975 505 1215 558 Respondet
1251 506 1299 544 ad
1339 506 1443 545 haec

81 564 152 604 sic.
210 562 349 612 „Nam
381 563 415 602 si
446 561 497 602 ad
526 563 762 613 Sophistam
793 567 836 600 et
855 562 1070 602 Politicum
1097 562 1240 614 pedem
1272 564 1441 616 propius

81 619 361 669 conferamus,
402 617 562 658 Politici
597 619 777 657 videmus
821 619 969 670 exitum
1001 619 1100 658 nihil
1129 619 1176 657 ad
1208 621 1443 661 distinctio-

79 688 173 717 nem
209 677 315 715 inter
353 688 493 714 verum
533 675 750 721 etrfalsum
779 676 988 728 politicum
1021 676 1253 727 pertinere,
1298 676 1443 718 sedin

79 732 247 782 alter-ius
287 731 423 771 officio
468 733 727 784 depingendo
758 733 985 777 orationem
1014 733 1070 771 ita
1099 734 1284 786 versari„
1312 738 1358 775 ut:
1389 731 1442 773 de

78 787 173 828 falsi
202 794 344 839 natura
371 788 470 827 nihil
501 789 670 840 amplius
700 788 927 835 discamns3
956 792 1001 827 et
1031 798 1200 840 prorsus
1225 790 1347 829 simili
1375 802 1442 829 ra-

79 845 192 890 tione
219 846 258 883 in
279 845 472 896 Sophista
502 844 554 883 de
583 845 814 893 discrimine
843 844 1004 895 quidem
1036 845 1271 896 philosophi
1302 850 1344 886 et
1374 858 1441 886 so-

79 902 242 953 phistae
279 905 490 953 peractum
527 912 645 951 esse,
685 901 760 941 sed
797 914 843 940 ea
888 900 938 939 de
967 913 1035 949 re,
1081 901 1441 952 philosophus

81 957 200 1012 quid
241 970 336 1010 per
374 970 432 997 se
469 958 566 1005 sit,
594 957 737 997 literas
778 957 939 998 omnino
970 956 1234 997 conticere.·“
1292 957 1441 998 Parum

79 1018 315 1069 constanter
354 1013 543 1066 profecto
582 1014 685 1053 haec
724 1014 780 1052 ita
820 1013 1089 1080 disputantur.
1149 1012 1239 1052 Non
1283 1014 1439 1066 urgebo

79 1063 236 1121 omnia3
275 1082 413 1108 v·e1um
450 1069 550 1109 illud
590 1070 654 1109 cui
681 1082 760 1109 nou
790 1071 934 1109 mirum
964 1070 1144 1116 accidat,
1175 1071 1285 1121 quod
1314 1083 1438 1122 quum

78 1125 196 1173 Plato
236 1132 354 1164 antea
396 1126 552 1166 dicatur
589 1127 629 1168 in
666 1125 860 1177 sophista
901 1137 1058 1165 omnem
1099 1117 1150 1165 de
1193 1126 1439 1179 philosopho

78 1181 394 1233 disputationem
432 1183 738 1234 anticipavisse,
787 1187 921 1222 tamen
967 1194 1073 1221 nuno
1117 1183 1156 1221 in
1197 1184 1288 1234 ipso
1330 1185 1441 1222 exitu

79 1239 229 1289 dialogi
257 1240 359 1278 iliud
388 1239 521 1290 ipsum
565 1238 786 1278 desiderari
812 1238 983 1288 dicitur,
1022 1242 1068 1277 ut
1087 1238 1190 1290 quid
1221 1241 1274 1278 sit
1305 1239 1439 1291 philo-

80 1296 235 1348 sophus
276 1297 312 1334 vi
351 1300 393 1334 et
429 1298 575 1334 natura
608 1309 702 1343 sua,
743 1300 928 1335 accurata
959 1294 1231 1348 disputatione
1263 1296 1439 1348 explica-

79 1355 166 1391 tum
195 1351 386 1403 legatur‘!
442 1351 640 1391 Nimirum
679 1353 757 1391 hae
794 1357 888 1391 sunt
917 1365 1055 1392 merae
1085 1353 1292 1403 argutiae,
1335 1365 1440 1404 quae

81 1421 272 1460 quorsum
303 1420 498 1448 ,evasurae
535 1409 637 1456 sint,
676 1409 754 1447 iam
791 1409 872 1460 ipsi
901 1408 1090 1461 legentes
1120 1408 1241 1448 facile
1268 1421 1440 1460 augura-

80 1465 247 1505 buutur.
306 1464 525 1514 Enimvero
565 1469 651 1504 tota
689 1466 767 1504 ista
803 1465 1025 1516 disputatio
1057 1477 1105 1504 eo
1139 1464 1312 1516 denique
1341 1478 1439 1518 per-

79 1522 210 1569 tinet,
249 1524 295 1559 ut
331 1521 590 1573 ostendatur,
622 1535 692 1561 cur
722 1521 838 1561 Plato
867 1522 1036 1574 proprie
1068 1521 1228 1572 quidem
1259 1533 1339 1560 uon
1369 1522 1440 1562 de-

79 1578 217 1617 buerit
258 1579 531 1617 necessarium
570 1581 714 1631 putare
754 1579 999 1630 peculiarem
1044 1578 1191 1618 librum
1222 1578 1274 1617 de
1306 1579 1442 1630 philo-

80 1633 213 1687 sopho
254 1634 407 1684 scribi,
447 1634 522 1674 sed
560 1639 695 1674 tamen
735 1638 904 1686 praeter
938 1635 1226 1674 necessitatem
1267 1640 1310 1674 et
1348 1636 1441 1686 quia

80 1690 174 1743 quid
213 1690 483 1742 philosophus
531 1703 606 1742 per
650 1704 696 1730 se
735 1695 848 1731 esset
893 1703 973 1730 non
1021 1691 1354 1743 significavisset,
1400 1692 1441 1733 in

80 1747 367 1798 scriptionibus
398 1758 477 1786 non
504 1746 546 1785 id
574 1748 707 1799 ipsum
737 1749 949 1799 agentibus
983 1748 1115 1799 iisque
1136 1740 1319 1800 pluribus
1348 1747 1441 1801 phi-

79 1803 243 1854 losophi
293 1804 473 1854 speciem
525 1807 573 1842 et
620 1806 840 1855 imaginem
884 1804 1123 1844 adumbrare
1170 1805 1439 1857 constituerit.

80 1859 221 1912 ltaque
252 1859 328 1897 iam
361 1861 522 1898 tandem
560 1860 618 1898 sic
648 1861 787 1900 finitur
817 1861 1124 1914 argumentatio.
1184 1860 1335 1910 „Hanc
1364 1861 1441 1913 igi-

80 1920 148 1956 tur
189 1920 346 1967 partem
395 1920 464 1955 aut
501 1918 831 1968 praetermissam
870 1931 892 1956 a
931 1917 1100 1956 Platone
1141 1918 1319 1957 dicamus
1358 1922 1442 1966 aut,

81 1971 338 2024 siquidem
375 1974 438 2011 rei
476 1973 662 2024 inceptae
693 1970 781 2027 (Ἰ)
811 1975 981 2024 aliquam
1021 1973 1317 2014 absolutionem
1363 1986 1442 2017 ex-

81 2033 369 2094 pectemus,
400 2029 523 2068 etiam
551 2029 630 2067 alio
659 2030 749 2068 loco
780 2043 1016 2080 quaelamus
1045 2043 1095 2068 eo
1126 2031 1252 2081 magis
1272 2043 1443 2075 necesse

82 2089 169 2133 est,
201 2086 291 2136 quia
324 2085 440 2123 Plato
471 2086 561 2136 ipse
591 2086 863 2126 instituendae
893 2086 943 2124 de
973 2087 1221 2139 philosopho
1252 2087 1442 2138 disquisi-

81 2142 204 2184 tionis
234 2142 544 2194 promissionem
573 2142 614 2181 in
653 2135 790 2182 fronte
823 2143 984 2182 Politici
1013 2144 1179 2182 disertis
1210 2144 1344 2182 verbis
1374 2157 1442 2182 re-

83 2191 263 2263 petendo
304 2199 512 2237 etiamtum
548 2199 760 2248 iudicavit,
795 2200 877 2242 sibi
914 2199 1017 2238 hano
1045 2211 1133 2239 rem
1164 2193 1328 2238 uberius
1358 2204 1442 2239 tra·

83 2258 195 2293 ctare
234 2255 274 2292 in
314 2255 444 2293 auimo
489 2267 594 2293 esse.
652 2256 740 2305 Qua
763 2257 805 2295 in
833 2268 879 2294 re
910 2256 1088 2295 divinum
1118 2256 1206 2295 eius
1237 2257 1442 2308 ingenium

81 2310 230 2349 iterum
260 2310 432 2350 mirifice
462 2323 508 2348 se
540 2311 735 2351 extulisse
764 2312 1036 2352 confitendum
1067 2316 1153 2361 est,
1165 2313 1258 2363 qui,
1290 2325 1441 2363 quum

84 2367 332 2422 omittere
373 2371 587 2418 posset
627 2368 678 2409 id
714 2369 849 2419 quod
885 2369 1247 2420 gravissimum
1278 2369 1356 2411 sibi
1384 2369 1442 2408 vi-

83 2423 182 2469 deri
201 2422 387 2471 deberet
416 2423 467 2461 de
496 2435 593 2462 vero
613 2424 860 2476 philosopho
887 2425 1113 2476 exponendi
1140 2437 1300 2475 munus,
1332 2436 1443 2464 cum-

84 2491 163 2528 que
193 2479 312 2518 simul
351 2479 600 2532 intelligeret
628 2481 747 2521 huius
777 2483 838 2520 rei
867 2481 1172 2534 amplitudinem
1212 2485 1255 2520 et
1280 2481 1443 2532 copiam

83 2535 189 2573 intra
216 2535 333 2573 unius
372 2537 477 2573 certi
483 2508 657 2586 Udialogi
694 2537 842 2577 limites
880 2537 1228 2588 comprehendere
1268 2537 1442 2576 alienum

84 2602 202 2639 esse,
237 2603 330 2629 rem
358 2592 417 2631 sic
445 2592 705 2642 institueret,
748 2598 802 2642 ut
834 2593 1003 2642 alteram
1034 2593 1318 2646 disputationis
1348 2606 1442 2646 par-

83 2651 172 2689 tem
211 2644 430 2697 sophistae
471 2649 721 2703 applicaret,
751 2640 859 2699 unde
889 2638 1123 2704 philosophi
1153 2650 1370 2698 discrimen
1400 2654 1443 2690 et

142 2723 231 2760 mat
259 2723 345 2766 Opp
368 2723 444 2759 voi.
472 2725 562 2761 vm.
593 2726 688 2760 Sect
715 2726 757 2760 11.
1086 2718 1115 2757 4
