1748 2950
356 137 413 178 48
815 134 1226 177 PROLEGOMENA

359 262 446 290 eam
476 247 712 288 sententiam
741 246 990 296 adducimur,
1033 252 1079 288 ut
1106 247 1280 287 dicamus
1309 259 1471 288 munere
1500 259 1571 287 suo
1595 246 1686 288 Pla-

359 310 494 346 tonem
531 306 592 343 his
631 304 785 342 duobus
822 303 988 353 dialogis
1017 305 1091 342 lam
1122 304 1375 355 perfunctum
1407 317 1535 355 neque
1563 305 1686 344 ullum

359 367 570 413 praetcrea
602 360 718 397 alium
747 359 1049 398 desiderandum
1081 372 1183 398 esse.
1240 360 1399 398 Etenim
1430 362 1463 398 si
1491 360 1529 398 iu
1561 362 1687 399 omni—

358 419 433 456 bus
474 416 649 454 Platonis
688 415 853 465 dialogIs
878 415 979 453 duae
1007 419 1142 465 partes
1178 413 1465 454 discernendae
1494 420 1585 454 sunt
1616 417 1687 454 be·

359 485 490 522 neque
520 471 800 520 seiungendae,
830 470 999 520 negandi
1029 474 1071 508 et
1101 470 1342 518 affirmandi,
1369 481 1532 521 quarum
1563 471 1688 509 attera

361 529 444 566 sive
475 528 513 565 in
544 526 726 576 vulgares
756 532 951 576 pugnatur
981 530 1023 563 ct
1053 526 1253 564 obsoletas
1271 527 1468 564 hominum
1491 527 1687 574 notiones,

360 585 443 622 sive
472 584 508 620 in
541 582 809 632 sophistarum
841 580 1045 632 nugatoria
1073 581 1261 629 artificia,
1293 583 1375 620 site
1406 584 1563 620 omnino
1591 581 1687 620 reii-

361 640 518 677 ciuntur
548 638 672 675 salsae
703 638 761 674 rei
791 638 1020 686 opiniones3
1050 636 1090 674 in
1116 636 1241 675 altera
1256 650 1351 675 vero
1373 637 1570 676 sententia
1599 637 1688 687 phi·

362 694 520 745 losophi
548 693 743 730 indicatur
773 697 815 730 et
854 693 1011 742 saepius
1041 691 1238 730 levissime
1266 692 1496 731 adumbrata
1524 693 1689 742 argutiis

362 751 450 788 istis
489 749 730 799 opponitur,
768 747 807 785 in
844 748 1034 797 Sophista
1077 751 1120 785 et
1155 747 1347 795 Politice,
1397 761 1496 798 quac
1534 749 1587 786 sit
1623 748 1689 786 illa

361 805 532 855 negandi
568 815 682 854 pars,
721 803 928 841 ridiculum
964 802 1148 854 profecto
1187 807 1296 841 essct
1334 804 1373 842 in
1401 804 1587 842 iudicium
1615 815 1689 843 vo-

362 873 468 907 care,
499 859 678 910 quoniam
710 858 748 896 in
780 871 826 897 ea
855 859 942 908 ipsa
971 871 1099 909 prope
1129 862 1213 896 tota
1242 864 1422 905 versatur
1451 860 1687 909 disquisitio.

361 917 461 955 Nam
492 928 581 953 eum
609 912 768 952 Politici
799 913 916 952 cardo
954 914 992 951 in
1023 926 1071 952 eo
1101 914 1154 951 sit
1182 915 1359 964 positus,
1396 919 1441 953 ut
1470 914 1593 954 falsus
1620 915 1693 954 itte

363 972 583 1022 sophistam
623 969 808 1008 redolens
859 969 1044 1020 politicus
1080 981 1102 1007 a
1140 981 1234 1007 vero
1272 970 1527 1020 seiungatur,
1571 969 1690 1020 longe

362 1032 492 1066 autem
529 1025 685 1064 minima
725 1025 1003 1076 disputationis
1039 1037 1131 1075 pars
1159 1024 1210 1062 de
1239 1037 1287 1063 eo
1317 1026 1406 1075 ipso
1437 1031 1479 1064 et
1506 1026 1591 1064 eius
1621 1038 1689 1064 na·

363 1091 450 1122 tura
489 1086 602 1132 agat,
640 1081 677 1119 in
717 1080 908 1132 Sophista
942 1080 1038 1118 item
1075 1079 1199 1119 nudto
1240 1083 1364 1131 magis
1403 1082 1443 1119 id
1473 1086 1690 1132 spectatur,

363 1140 457 1190 quid
489 1136 726 1176 discriminis
756 1136 915 1174 intersit
942 1136 1048 1174 inter
1077 1135 1296 1186 sophistam
1328 1141 1371 1175 et
1399 1137 1691 1185 philosophum,

363 1208 477 1245 qnam
518 1205 617 1243 quae
652 1193 705 1230 sit
739 1192 864 1240 ipsius
912 1191 1118 1241 sophistae
1160 1190 1326 1229 indoles.
1394 1191 1450 1230 Ut
1488 1192 1609 1241 igitur
1651 1193 1693 1231 in

363 1250 533 1288 Politieo
569 1248 620 1286 de
658 1247 807 1286 duabus
850 1247 928 1285 illis
974 1246 1202 1285 notionibus
1236 1247 1319 1285 veri
1347 1251 1390 1285 et
1419 1246 1511 1285 falsi
1539 1246 1692 1295 politici

363 1319 437 1343 una
470 1304 692 1354 disquisitio
724 1304 829 1340 sacta
859 1306 935 1350 est,
965 1307 1008 1340 et
1037 1302 1185 1341 idcirco
1216 1303 1333 1340 etiam
1363 1302 1480 1340 alium
1499 1302 1692 1352 quendam

363 1372 608 1408 sermonem,
640 1370 739 1409 quo,
769 1371 857 1397 cum
885 1359 963 1397 hoc
993 1357 1043 1396 de
1070 1370 1165 1396 vero
1194 1358 1357 1406 politico
1385 1363 1516 1397 actum
1546 1359 1611 1407 sit,
1641 1358 1693 1397 de

364 1417 466 1454 salso
494 1416 569 1454 iam
590 1418 868 1464 exponeretur,
897 1413 1126 1452 desiderare
1146 1413 1318 1452 alienum
1337 1418 1467 1460 esset3
1498 1414 1555 1452 sic
1575 1415 1695 1454 etiam

364 1471 591 1521 Sophistes,
623 1470 803 1520 quoniam
834 1474 876 1508 et
906 1470 994 1520 ipse
1022 1482 1158 1508 verum
1187 1474 1230 1508 et
1252 1469 1392 1508 salsum
1413 1469 1695 1520 philosophum

361 1530 599 1578 pertractat,
640 1525 830 1564 dicendus
872 1531 936 1564 est
974 1536 1129 1563 omnem
1157 1525 1208 1563 de
1237 1525 1475 1574 philosopho
1517 1525 1694 1574 disputa·

363 1585 512 1621 tionem
553 1582 844 1631 anticipasse.“
910 1581 968 1620 lta
1003 1581 1125 1630 igitur
1151 1579 1253 1618 Her
1268 1581 1433 1619 telins
1471 1581 1547 1619 sibi
1584 1579 1694 1619 vide-

363 1644 430 1676 tur
458 1636 768 1688 argumentando
798 1635 1005 1683 effecisse,
1042 1640 1110 1682 ut,
1147 1636 1181 1674 si
1217 1635 1445 1686 philosophi
1483 1636 1694 1686 imaginem

367 1694 556 1731 exhibere
586 1692 698 1730 Plato
729 1692 805 1730 sibi
835 1691 1132 1741 proposuisset,
1169 1690 1275 1730 idem
1310 1692 1394 1730 veri
1421 1691 1574 1741 politici
1602 1703 1694 1741 spe-

368 1750 468 1787 ciem
509 1753 550 1786 et
587 1747 756 1786 sormam
800 1747 1105 1785 adumbraturus
1143 1745 1270 1785 fuisse
1306 1746 1589 1785 existimandus
1627 1748 1694 1789 sit.

367 1806 478 1853 Quae
517 1815 631 1854 quam
668 1802 790 1840 fallax
828 1802 882 1840 sit
927 1802 1238 1852 argumentatio,
1283 1802 1465 1841 nolumus
1504 1813 1607 1841 nunc
1645 1814 1697 1844 ex

366 1861 454 1909 ipso
495 1859 701 1908 utriusque
738 1857 828 1895 libri
863 1863 1101 1907 argumento
1141 1857 1427 1898 demonstrare.
1483 1857 1589 1896 Satis
1618 1859 1698 1896 erit

366 1914 650 1965 siguificavisse
684 1914 812 1963 ipsum
852 1912 1058 1951 Platonem
1101 1913 1334 1962 promisisse
1377 1913 1535 1962 saepius
1565 1913 1696 1963 philo-

367 1971 485 2019 sophi
521 1969 885 2016 adumbrationem,
927 1968 1080 2018 politici
1131 1969 1216 2007 veri
1260 1968 1574 2019 designationem
1617 1982 1696 2009 non

364 2025 608 2075 promisisse.
665 2025 832 2062 Accedit
861 2024 963 2074 quod
996 2036 1112 2062 nemo
1149 2024 1241 2063 dum
1272 2025 1424 2072 extitit,
1465 2025 1530 2074 qui
1558 2024 1696 2074 politi-

364 2095 452 2120 cum
492 2080 715 2129 perfectum
754 2079 1016 2118 contenderet
1054 2080 1134 2118 isto
1172 2078 1289 2118 modo
1325 2084 1466 2128 postea
1505 2079 1634 2119 fnisse
1673 2092 1697 2118 a

365 2137 532 2175 Platone
573 2137 840 2184 descriptum,
888 2146 966 2185 quo
1003 2135 1284 2185 philosophum
1323 2135 1362 2173 in
1400 2134 1615 2173 Phaedone
1653 2138 1697 2174 et

367 2192 578 2243 Symposio
607 2191 824 2229 exhibitum
845 2202 935 2228 esse
964 2203 1052 2229 cum
1082 2190 1574 2240 Schleiermachero
1602 2202 1696 2230 cen-

368 2249 448 2286 suit
483 2246 777 2285 Ilertelius:
819 2245 924 2296 quod
963 2249 1117 2293 tamen,
1157 2246 1191 2284 si
1230 2245 1491 2296 philosophus
1521 2245 1598 2296 sibi
1625 2257 1695 2283 vo-

367 2303 510 2340 luisset
540 2307 747 2347 constare,
784 2302 924 2351 utique
954 2300 1091 2339 facere
1119 2301 1338 2340 debuisset,
1394 2301 1484 2340 Hoc
1513 2312 1591 2339 uno
1618 2301 1696 2351 igi-

364 2363 430 2396 tur
460 2361 691 2407 argumento
721 2361 844 2395 totam
874 2357 979 2394 illius
1005 2357 1216 2395 concidere
1245 2356 1583 2395 ratiocinationem
1612 2368 1696 2395 ma-

364 2414 554 2452 nil'estum
580 2417 652 2450 est.
714 2411 795 2451 Sed
815 2412 1031 2459 videamus,
1063 2413 1157 2462 quid
1186 2411 1458 2451 Hertelius
1487 2415 1697 2461 praetere·

364 2470 405 2508 iu
444 2468 615 2506 medium
662 2467 854 2506 attulerit.
921 2467 1072 2506 Censet
1109 2468 1232 2519 igitur
1272 2466 1430 2506 Platoni
1472 2479 1550 2505 non
1595 2478 1698 2518 opus

365 2524 516 2570 fuisse,
563 2528 609 2562 nt
655 2522 885 2574 philosophi
930 2522 1100 2561 formam
1149 2535 1195 2562 ac
1230 2523 1405 2575 speciem
1448 2522 1694 2561 informaret.

364 2579 419 2618 Et
447 2584 579 2618 tamen
608 2577 647 2616 id
667 2579 796 2627 ipsum
815 2579 863 2618 ab
886 2589 935 2616 eo
956 2578 1105 2617 factum
1121 2589 1213 2618 esse
1232 2578 1464 2628 gravissime
1484 2582 1696 2621 asseverat,

366 2634 574 2685 Quomodo
623 2632 813 2674 tandem?
888 2634 1104 2675 Audiamus
1153 2645 1293 2675 rursus
1348 2633 1491 2685 ipsum.
1557 2632 1697 2684 Pergit
