1748 2944
738 105 1038 141 ΘΕΑΙΤΗΤΟΣ.
1542 103 1568 145 9
1575 104 1595 144 l

171 223 334 272 κωλύει
359 225 434 270 καὶ
459 225 507 270 ἐν
530 226 590 284 τῷ
614 240 745 284 υπνῳ
772 226 924 268 δοκεῖν
947 218 1154 280 ἀλλήλοις
1181 223 1488 279 διαλέγεσθαι·
1523 222 1596 267 καὶ
1622 228 1687 262 158

171 291 280 340 ὅταν
321 291 376 351 δὴ
413 290 523 349 ὄναρ
557 290 764 349 ὀνείρατα
806 292 1008 349 δοκῶμεν
1050 292 1328 347 διηγεῖσθαι,
1365 287 1526 343 ἄτοπος
1567 285 1595 347 ἡ

172 358 374 420 ὁμοιότης
397 357 568 406 τούτων
593 361 790 411 ἐκείνοις.

274 435 371 474 ΣΩ.
401 426 528 488 Ὁρᾷς
563 420 647 472 οὖν
676 426 744 472 ὅτι
777 425 825 472 τό
857 444 908 484 γε
940 423 1274 484 ἀμφισβητῆσαι
1305 422 1358 470 οὐ
1384 423 1594 483 χαλεπόν,

136 511 153 537 5
171 494 243 542 ὅτε
266 497 339 542 καὶ
363 494 551 553 πότερόν
581 497 700 540 ἐστιν
723 511 843 552 υπαρ
868 490 895 551 ἢ
919 491 1028 551 ὄναρ
1052 489 1415 552 ἀμφισβητεῖται,
1443 494 1518 538 καὶ
1537 491 1593 551 δὴ
1618 500 1651 532 D

172 572 272 610 ἴσου
294 561 420 617 ὄντος
442 566 521 608 τοῦ
553 561 716 621 χρόνου
738 558 792 608 ὃν
815 559 1099 620 καθεύδομεν
1132 553 1170 622 ᾦ
1193 559 1518 641 ἐγρηγόραμεν,
1546 563 1595 606 ἐν

171 632 363 692 ἑκατέρω
388 628 647 690 διαμάχεται
670 626 801 689 ἡμῶν
824 628 851 688 ἡ
877 631 997 688 ψυχὴ
1021 628 1074 675 τὰ
1091 625 1160 674 αεὶ
1179 627 1378 687 παρόντα
1397 627 1594 687 δόγματα

169 697 333 752 παντὸς
363 700 532 757 μᾶλλον
568 698 682 744 εἶναι
708 696 878 756 ἀληθῆ,
909 695 1021 743 ὥστε
1053 703 1152 742 ἴσον
1176 697 1258 755 μὲν
1293 694 1454 756 χρόνον
1486 695 1593 743 τάδε

169 786 316 826 φαμεν
338 785 445 812 οντα
470 766 607 822 εἶναι,
642 772 741 811 ἴσον
774 766 823 811 δὲ
849 767 1017 822 ἐκεῖνα,
1052 766 1126 810 καὶ
1149 761 1311 823 ὁμοίως
1350 761 1423 824 ἐφ’
1447 765 1593 810 ἑκατέ-

119 849 152 876 10
170 854 263 895 ροις
290 833 662 893 διισχυριζόμεθα.

273 908 431 948 ΘΕΑΙ.
469 900 734 948 Πανταπασι
756 919 840 959 μεν
864 893 957 946 οὖν.

270 976 368 1016 Σῼ.
409 966 590 1015 Οὐκοῦν
613 970 686 1014 καὶ
719 970 822 1028 περὶ
845 967 994 1014 νόσων
1026 986 1073 1013 τε
1106 969 1180 1013 καὶ
1202 970 1375 1027 μανιῶν
1407 967 1430 1014 ὁ
1457 965 1591 1023 αὐτὸς

168 1036 317 1095 λόγος,
342 1037 460 1094 πλὴν
484 1038 565 1083 τοῦ
587 1035 771 1096 χρόνου,
797 1035 864 1082 ὅτι
888 1034 986 1095 οὐχὶ
1012 1042 1128 1092 ἴσος;

271 1111 429 1151 ΘΕΑΙ.
464 1102 645 1161 Ὀρθῶς.

118 1187 150 1213 15
269 1179 367 1219 ΣΩ.
411 1177 467 1218 Τί
487 1165 592 1229 οὖν,
629 1170 792 1230 πλήθει
816 1170 980 1232 χρόνου
1005 1172 1078 1217 καὶ
1104 1169 1324 1230 ὀλιγότητι
1348 1170 1397 1218 τὸ
1422 1170 1592 1230 ἀληθὲς

169 1238 455 1298 ὁρισθήσεται
465 1262 477 1296 ;

271 1313 432 1354 ΘΕΑΙ.
471 1313 656 1353 Γελοῖον
678 1305 800 1365 μέντ’
827 1302 884 1352 ἂν
909 1314 977 1364 εἴη
1001 1311 1211 1366 πολλαχῇ.
1611 1314 1643 1348 Ε

271 1382 369 1422 ΣΩ.
404 1372 536 1421 Ἀλλά
566 1394 607 1420 τι
639 1373 747 1420 ἄλλο
781 1379 892 1433 ἔχεις
933 1375 1071 1433 σαφὲς
1104 1377 1413 1433 ἐνδείξασθαι,
1454 1371 1588 1421 ὁποῖα

166 1443 335 1489 τούτων
359 1444 448 1488 τῶν
474 1441 760 1501 δοξασμάτων
783 1440 953 1500 ἀληθῆ;

115 1526 150 1553 20
270 1517 430 1557 ΘΕΑΙ.
470 1508 539 1556 Οὔ
562 1529 636 1569 μοι
661 1515 790 1557 δοκῶ.

268 1576 406 1624 XIV.
453 1585 551 1624 Σῼ.
595 1575 724 1637 Ἐμοῦ
754 1582 910 1624 τοίνυν
940 1576 1076 1623 ἄκουε
1111 1575 1184 1623 οἶα
1215 1579 1318 1637 περὶ
1354 1577 1503 1625 αὐτῶν
1534 1576 1592 1625 ἂν

169 1647 339 1702 λέγοιεν
364 1666 406 1692 οι
436 1644 489 1691 τὰ
521 1643 590 1692 ἀεὶ
624 1650 841 1692 δοκοῦντα
872 1645 1114 1704 ὁριζόμενοι
1147 1649 1207 1707 τῷ
1235 1649 1443 1692 δοκοῦντι
1476 1646 1591 1692 εἶναι

168 1711 328 1772 ἀληθῆ.
378 1714 555 1771 λέγουσι
579 1715 654 1771 δέ,
693 1713 751 1766 ὡς
777 1713 862 1771 ἐγώ
894 1714 1038 1772 οἶμαι,
1071 1711 1212 1767 οὕτως
1247 1716 1519 1772 ἐρωτῶντες·
1556 1707 1592 1760 ῶ

172 1786 403 1839 Θεαίτητε,
427 1800 451 1826 ο
476 1801 531 1827 αν
557 1783 707 1838 ἕτερον
730 1800 758 1840 η
784 1796 1062 1839 πανταπασι,
1095 1783 1155 1839 μή
1180 1781 1242 1841 πῄ
1266 1802 1367 1828 τινα
1392 1781 1590 1841 δύναμιν

118 1863 151 1890 25
169 1846 249 1906 τὴν
274 1847 412 1907 αὐτὴν
437 1851 523 1902 ἕξει
546 1851 608 1909 τῷ
632 1851 788 1910 ἕτέρῳ;
825 1851 898 1894 καὶ
922 1848 981 1907 μὴ
999 1848 1296 1907 ὑπολαβωμεν
1313 1852 1369 1909 τῇ
1385 1869 1467 1908 μεν
1486 1849 1591 1896 ταῦ-

169 1915 245 1961 τόν
271 1915 382 1961 εἶναι
405 1934 428 1961 ο
455 1918 707 1974 ἐρωτῶμεν,
731 1918 787 1975 τῇ
813 1917 902 1962 δε
885 1936 1058 1974 ετερον,
1083 1915 1180 1962 ἀλλ’
1209 1915 1322 1970 ολως
1346 1920 1511 1976 ἕτερον.

261 2061 276 2090 1
305 2058 354 2101 τῷ
372 2070 439 2094 om.
465 2060 571 2093 Hselz.
598 2060 775 2101 probante
800 2058 960 2095 Cobeto,
986 2070 1159 2092 mnemos.
1183 2061 1236 2093 IX
1258 2071 1292 2103 p.
1311 2062 1389 2095 368
1482 2054 1590 2107 ὕπνῳ

168 2103 357 2139 ςῚΛΓΠῚΕ
379 2105 480 2147 Tur,
505 2099 671 2149 ἐνυπνίῳ
689 2112 722 2139 ς.
830 2106 850 2136 2
875 2098 1070 2155 ὀνειρατα]
1091 2100 1186 2138 ἄττα
1204 2106 1298 2138 coni.
1317 2106 1423 2159 de„
1449 2096 1591 2150 recepi‘t

168 2149 274 2182 Hsclz.
294 2150 474 2192 probante
494 2149 632 2182 Cobeto
648 2139 720 2182 1.1.
822 2143 1093 2202 διηγήσασθαι
1119 2152 1224 2191 ΔθΕ,
1250 2148 1502 2195 διαλέγεσθαι
1522 2152 1590 2185 Co-

170 2194 499 2227 betu511.18
520 2189 625 2227 Ἀλλοὶ
643 2206 678 2227 τι
697 2195 805 2237 Hdfi,
822 2162 944 2227 Ἀλλὰη
943 2194 983 2227 τί
998 2203 1030 2231 ς.

215 2319 232 2349 1
251 2312 291 2350 ἐν
308 2316 358 2362 τῷ
376 2310 483 2360 ῧπνῳ
501 2318 578 2350 iure
596 2317 746 2350 Platoni
761 2318 841 2351 red-

171 2362 296 2396 ditum.
336 2353 416 2395 ‘Non
448 2367 504 2396 est
535 2363 629 2395 enim
663 2373 725 2395 cur
756 2363 791 2395 h.
816 2364 839 2396 l.

168 2411 309 2449 tempus
324 2418 395 2450 quo
410 2409 628 2441 somniamur
642 2407 843 2454 significafi

169 2463 240 2485 non
258 2454 386 2494 possit,
405 2458 444 2485 ut
462 2453 584 2505 paullo
603 2456 689 2485 ante
708 2451 773 2486 καὶ
791 2448 842 2492 ὡς

168 2495 369 2539 πετόμενοι
388 2493 429 2531 ἐν
453 2497 502 2540 τῷ
520 2492 628 2543 ὕπνῳ
654 2497 840 2531 διανοῶν-

170 2552 244 2574 ται.

215 2585 354 2621 δοκειν.
394 2586 450 2621 Cf.
469 2598 503 2630 p.
521 2589 627 2621 2011)
643 2582 771 2621 Ακουε
789 2583 849 2641 δὴ

168 2625 262 2682 ὄναρ
278 2625 366 2666 ἀντὶ
383 2626 589 2683 ὀνείρατος.
615 2627 686 2675 ε’γιὸ
701 2644 773 2677 γαρ
790 2644 840 2667 ccv

171 2671 371 2710 {do'novv’
350 2674 504 2712 ακούειν
522 2677 646 2712 τινῶν.

214 2723 234 2753 2
276 2715 454 2764 ὀνείρατα
493 2722 727 2756 Heindorfius
770 2733 844 2756 non

170 2766 396 2799 tolerandum
435 2777 516 2800 esse
564 2769 722 2807 censuim
771 2768 844 2800 sibi

170 2811 265 2844 enim
288 2811 446 2844 nondum
468 2813 645 2846 accidisse
670 2813 775 2854 dicit,
801 2816 842 2845 ut

911 2319 948 2350 in
977 2320 1118 2352 somnio
1147 2321 1288 2352 somnia
1314 2331 1464 2353 narrare
1488 2321 1590 2354 vide-

911 2367 1023 2396 retur.
1050 2365 1123 2398 Sed
1142 2365 1228 2398 aliis
1247 2366 1426 2398 accidisse
1445 2366 1567 2399 audio.

956 2433 999 2464 22
1023 2428 1068 2464 τὰ
1094 2425 1158 2465 αεὶ
1176 2431 1369 2466 δοκοῦντα
1385 2451 1430 2457 --
1447 2433 1496 2476 τῷ
1525 2432 1591 2466 δο-

914 2476 1236 2510 nofivn.‘1‹:odem
1252 2478 1358 2511 modo
1375 2489 1412 2521 p.
1427 2469 1526 2511 16520
1546 2476 1588 2512 τὸ

913 2520 1055 2555 δοκοῦν
1079 2516 1224 2567 ἒκοῖστῳ
1253 2522 1366 2556 τοῦτο
1391 2521 1456 2556 καὶ
1487 2519 1588 2557 εἶναι

912 2566 962 2610 τῷ
996 2566 1189 2600 δοκοῦντι.
1200 2569 1211 2586 ’
1251 2569 1392 2600 Hmm).
1447 2569 1520 2601 Sed
1553 2580 1587 2610 p.

913 2602 1017 2644 1³10A
1048 2607 1089 2645 τὸ
1124 2611 1266 2645 δοκοῦν
1299 2607 1442 2668 ἑκάστῳ
1475 2612 1589 2646 τοῦτο

912 2654 979 2689 καὶ
997 2653 1102 2690 εἷναί
1117 2656 1215 2700 φησί
1230 2668 1304 2692 που
1321 2669 1348 2701 ῳ
1371 2657 1498 2698 δοκεις

957 2725 1001 2756 25
1026 2723 1091 2757 και
1120 2720 1171 2768 μὴ
1202 2720 1311 2759 ὑπολ.
1349 2725 1590 2776 ‘epexegesin

914 2769 1035 2801 facere
1053 2775 1208 2812 apparet
1222 2771 1431 2812 praegressi
1445 2765 1591 2803 παντά-

913 2817 1031 2848 ‘trucul‘
1056 2815 1197 2849 Hmsn.
