1716 2970
146 173 201 217 38
668 163 1038 202 PROLEGOMENA.

261 281 479 324 Gaist'ordio
501 279 679 322 Bekkero
696 278 823 318 Bastio
843 282 972 317 autem
993 284 1226 328 quamquam
1242 271 1361 323 gratia
1384 269 1546 310 debetur

150 352 301 380 summa
328 343 488 390 propter
516 335 753 386 diligentiam
784 338 822 372 et
849 330 1109 371 assiduitatem
1137 329 1363 371 maximam,
1399 337 1472 378 qua
1507 326 1547 364 in

151 395 261 436 libris
289 391 535 435 conferendis
563 390 787 435 utebantur,
821 393 950 427 tamen
980 395 1275 435 nonnunquam,
1313 381 1350 421 id
1380 380 1481 432 quod
1510 379 1548 419 in

151 456 257 491 tanto
278 461 396 501 opere
417 447 518 488 haud
540 448 680 486 mirum
701 455 794 483 sane
814 450 892 487 est,
923 447 963 481 ut
983 440 1245 491 diligentiores
1277 437 1422 477 luerint
1442 441 1551 487 opta-

155 507 268 546 veris.
300 504 412 552 Quod
434 504 595 555 quisque
616 499 822 544 concedet,
852 498 917 550 qui
945 508 1032 536 cum
1060 506 1185 535 messe
1206 491 1410 534 Gaisi'ordii
1437 490 1553 542 spici-

154 561 296 613 legium
331 557 556 611 Campbellii
591 555 834 596 contenderit
869 552 925 591 vel
959 551 1077 591 Bastii
1114 548 1327 590 eorundem
1362 546 1552 586 librorum

153 616 400 657 collationem
418 626 505 654 cum
523 611 772 653 Bekkeriana.
805 607 1023 648 Bekkerum
1039 606 1142 646 enim
1153 615 1231 644 non
1245 605 1433 653 vitupero,
1450 599 1554 652 quod

154 677 338 712 accentus
374 671 499 710 varios
533 676 842 707 commemorare
877 675 967 702 eum
1006 660 1169 706 taeduit,
1210 660 1271 699 cui
1310 659 1369 698 rei
1404 657 1555 697 Bastius

156 739 315 780 operam
337 726 486 765 videtur
507 723 686 763 tribuisse
706 719 882 761 inutilem
895 749 904 764 ,
934 717 1000 758 sed
1022 716 1188 756 maxime
1214 714 1253 754 in
1274 713 1412 754 litteris
1432 709 1555 751 finali·

156 783 230 823 bus
258 781 438 822 notandis
466 778 733 831 neglegentior
763 776 834 815 fuit
867 785 982 826 quam
1012 773 1173 812 Bastius.
1224 770 1348 820 Atque
1374 768 1488 808 etiam
1516 766 1556 805 in

158 838 258 878 libro
282 836 492 877 Bodleiano
521 839 609 885 post
630 829 855 883 Campbellii
883 839 1043 881 operam
1070 825 1257 878 quaedam
1288 823 1557 863 desiderantur

159 905 238 934 non
260 892 462 932 levissima.
512 890 623 929 Hunc
643 887 784 927 librum
805 886 907 925 enim
929 896 949 923 a
979 881 1173 922 nonnullis
1194 883 1412 919 correctum
1434 883 1473 917 et
1491 888 1558 916 au-

159 955 264 989 ctum
295 959 379 988 esse
409 960 430 986 e
459 944 665 986 Gaisrordii
692 939 924 982 lectionibus
950 939 1043 979 satis
1070 941 1232 988 apparet
1268 946 1393 985 neque
1428 939 1560 973 tamen

159 1005 360 1057 quisquam
390 1007 484 1054 quot
518 1002 594 1039 sint
621 1009 757 1038 manus
784 995 1062 1046 corrigentium
1091 991 1272 1031 distinxit.
1322 988 1432 1035 Quod
1468 998 1560 1027 sane

160 1070 398 1111 magnopere
427 1055 635 1096 dolendum
663 1059 738 1099 est,
775 1064 861 1092 cum
891 1052 944 1090 ita
979 1048 1071 1101 quid
1099 1045 1260 1098 singulis
1286 1043 1466 1084 manibus
1493 1043 1561 1081 tri-

162 1114 359 1155 buendum
381 1114 430 1152 sit
451 1111 615 1151 iudicari
635 1113 813 1159 nequeat.
853 1106 987 1158 Neque
1007 1116 1028 1144 e
1049 1101 1256 1144 Gaisl'ordii
1277 1106 1315 1140 et
1335 1096 1562 1150 Campbellii

161 1170 315 1210 silentio
336 1168 499 1208 audeam
522 1166 784 1206 coniecturam
807 1163 954 1206 facere,
978 1172 1026 1199 ne
1047 1158 1142 1198 mihi
1162 1155 1311 1197 accidat
1331 1153 1434 1206 quod
1456 1153 1496 1193 C.
1520 1152 1560 1191 F.

162 1226 398 1266 Hermanno.
438 1223 512 1270 Qui
533 1233 621 1261 cum
642 1232 680 1272 p.
705 1217 782 1258 161
796 1218 825 1258 Ε
846 1214 920 1256 καὶ
938 1215 1078 1255 ταῦτα
1097 1213 1191 1259 πῶς
1210 1209 1460 1251 scribendum
1481 1219 1564 1247 esse

164 1282 343 1325 duceret,
375 1278 469 1318 illud
499 1275 573 1317 καὶ
600 1276 817 1326 suspicatus
845 1277 903 1312 est
931 1282 1015 1310 esse
1042 1271 1081 1309 in
1109 1269 1165 1313 Ἡ.
1197 1266 1300 1318 quod
1328 1261 1565 1315 Campbellio

163 1343 261 1376 teste
280 1337 321 1375 in
342 1347 388 1374 eo
410 1345 486 1373 non
509 1338 567 1372 est
580 1330 620 1384 ¹).

276 1390 484 1431 Librorum
514 1387 800 1427 Platonicorum
831 1394 946 1422 unam
976 1385 1128 1421 exstare
1156 1377 1337 1417 familiam
1360 1376 1401 1415 C.
1427 1375 1472 1414 G.
1494 1373 1566 1414 Co-

166 1444 314 1497 betus2)
343 1445 554 1485 arbitratur
574 1444 732 1493 eiusque
752 1439 950 1492 principes
971 1448 1056 1476 esse
1075 1435 1216 1478 5AEIAII.
1265 1431 1393 1472 Ceteri
1414 1429 1567 1469 codices

166 1515 265 1555 quae
284 1501 431 1542 liabent
461 1498 620 1538 meliora
642 1508 756 1547 quam
778 1494 832 1534 illi
851 1499 951 1537 tres,
980 1503 1059 1531 non
1079 1490 1309 1541 deprompta
1340 1498 1385 1527 ea
1415 1495 1499 1526 esse
1520 1495 1569 1523 ex

167 1556 450 1610 antiquioribus
472 1551 777 1605 exemplaribus,
806 1549 875 1588 sed
902 1547 1113 1598 legentium
1142 1543 1201 1583 vel
1229 1541 1483 1583 scribentium
1510 1540 1568 1578 in-

169 1615 293 1665 geniis
313 1611 459 1652 deberi.
510 1609 593 1649 Hoc
612 1606 748 1648 Cobeti
768 1605 951 1645 iudicium
972 1601 1111 1642 salsum
1132 1611 1216 1639 esse
1237 1610 1314 1638 non
1335 1595 1490 1636 difficile
1512 1600 1571 1635 est

169 1669 218 1709 ad
236 1665 593 1708 demonstrandum.
611 1663 815 1704 Notissima
828 1660 930 1699 enim
945 1658 1053 1697 estin
1066 1655 1278 1696 Theaeteto
1295 1652 1430 1692 lacuna
1448 1650 1571 1689 maior

169 1724 260 1764 inde
289 1735 309 1762 a
331 1736 367 1775 p.
386 1719 507 1761 2081)
532 1717 664 1760 Πάνυ
684 1715 766 1770 μὲν
786 1707 871 1755 οὖν
899 1725 1021 1765 usque
1047 1711 1095 1751 ad
1126 1723 1161 1762 p.
1181 1707 1302 1749 209A
1330 1702 1570 1758 προσλάβω

169 1777 249 1820 τὸν
270 1774 354 1819 σὸν
375 1775 530 1828 λόγου,
553 1786 651 1827 quae
673 1778 732 1812 est
751 1773 791 1811 in
811 1767 968 1813 ἳῑΔΠ1
981 1775 1007 1808 ⁰.
1048 1765 1207 1817 Expleta
1235 1770 1293 1803 est
1321 1761 1384 1802 illa
1405 1762 1452 1800 iis
1474 1771 1572 1811 quae

171 1835 311 1875 ceteris
332 1833 442 1873 libris
461 1830 768 1883 suppeditantur.
820 1826 898 1866 lam
919 1835 1052 1869 nemo,
1080 1826 1266 1874 quantum
1288 1818 1389 1862 scio,
1419 1816 1489 1855 suit
1509 1819 1573 1853 aut

173 1897 250 1936 est,
273 1890 339 1942 qui
360 1889 435 1927 hoc
457 1887 542 1926 loco
565 1884 713 1925 scribas
733 1881 921 1935 quosdam
941 1892 1010 1919 sua
1030 1889 1103 1930 pro
1124 1874 1333 1916 Platonicis
1353 1871 1574 1923 reposuisse

266 2047 299 2085 1)
325 2044 476 2077 Theaet.
504 2041 602 2074 1740
628 2039 817 2072 Bekkerus
843 2044 994 2077 eumque
1025 2036 1169 2065 secutus
1195 2026 1455 2062 Stallbaumius
1484 2025 1520 2055 in
1545 2023 1576 2057 ³21

174 2100 255 2123 csse
281 2090 448 2122 dixerunt
473 2082 614 2120 οὐδένα
640 2083 827 2124 λοιδορεῖν
851 2074 969 2113 οὐδὲν
995 2081 1104 2119 atque
1126 2075 1354 2107 Hermannus
1377 2070 1473 2102 hunc
1498 2077 1577 2100 ver-

174 2135 301 2167 borum
327 2132 485 2165 ordinem
511 2129 683 2162 restituit.
730 2126 801 2159 Sed
826 2122 1056 2157 Gaisfordius
1079 2118 1170 2152 nihil
1195 2117 1239 2150 de
1262 2116 1332 2148 hae
1363 2124 1400 2146 re
1426 2122 1577 2145 comme-

176 2181 308 2218 morat,
332 2181 374 2209 ut
398 2177 560 2218 ignorem
584 2173 678 2205 unde
704 2172 772 2203 hoc
797 2167 1016 2210 sumpserint
1039 2164 1108 2198 viri
1132 2161 1243 2195 docti.
1345 2158 1380 2198 2)
1406 2166 1577 2189 mnemos.

179 2221 295 2264 (1860)
321 2221 370 2253 lx
395 2231 428 2262 p.
452 2221 516 2253 337
542 2218 754 2259 ‘supersunt
777 2212 941 2246 Platonis
964 2208 1116 2242 Codices
1139 2206 1226 2238 Mss.
1253 2207 1290 2237 et
1313 2202 1457 2245 plurimi
1480 2205 1517 2233 et
1541 2202 1580 2232 in

179 2277 224 2300 ea
248 2266 352 2308 copia
376 2262 540 2297 nonnulli
565 2258 808 2302 antiquissimi
832 2265 968 2289 summa
991 2263 1079 2286 curs.
1103 2255 1139 2284 et
1164 2248 1283 2283 studio
1314 2249 1351 2279 in
1383 2244 1579 2289 pulcherri-

179 2312 247 2344 mis
270 2308 486 2343 membranis
519 2304 793 2347 elegantissima
824 2305 860 2334 et
890 2298 1112 2342 peritissima
1141 2303 1247 2327 manu
1279 2291 1582 2333 κεκαλλιγραφη·

179 2352 308 2399 μένοι,
331 2363 480 2396 quorum
504 2351 703 2392 scripturae
727 2346 862 2389 passim
879 2344 1095 2386 reliquorum
1112 2339 1261 2373 testium
1278 2336 1435 2370 omnium
1458 2336 1581 2367 aucto·

181 2401 326 2433 ritatem
355 2408 423 2430 sua
453 2395 680 2439 praestantia
718 2399 864 2434 prorsus
899 2388 1066 2422 obruunt.
1119 2385 1162 2417 In
1192 2389 1407 2424 unoquoque
1438 2376 1580 2418 dialogo

182 2444 317 2487 passim
347 2442 415 2475 soli
439 2439 603 2473 Platonis
632 2446 775 2470 manum
804 2436 954 2467 servant
983 2432 1021 2463 in
1051 2428 1206 2463 caeteris
1235 2425 1429 2459 manifesto
1446 2429 1580 2471 ‚errore

180 2488 243 2523 vel
267 2486 394 2521 frande
419 2489 483 2518 aut
507 2484 675 2517 vitiatam
699 2483 762 2513 aut
778 2476 1051 2521 interpolatam,
1077 2482 1192 2515 enque
1216 2480 1274 2503 res
1291 2473 1366 2502 tam
1415 2466 1582 2508 erspicua

183 2536 241 2567 est
265 2535 302 2565 et
327 2530 493 2569 evidens,
518 2531 558 2561 ut
582 2527 700 2560 satius
724 2525 771 2557 sit
794 2522 950 2555 abiectis
974 2519 1190 2560 reliquorum
1207 2515 1361 2548 omnium
1377 2477 1581 2551 discrepan-

145 2593 153 2596 ·
182 2579 282 2611 tibus
312 2574 501 2618 scripturis
530 2571 666 2605 nullum
697 2568 842 2602 omnino
871 2575 975 2599 usum
999 2561 1217 2596 habentibus
1241 2556 1408 2591 Platonis
1432 2559 1582 2591 textum,

185 2631 289 2665 quem
313 2622 463 2660 vocant,
488 2617 562 2650 illis
586 2615 674 2649 solis
698 2613 800 2646 libris
824 2610 941 2645 veluti
965 2605 1174 2641 firmissimis
1193 2600 1439 2637 fundamentis
1462 2607 1585 2640 super-

186 2670 339 2699 struere.
387 2664 426 2696 Si
450 2661 536 2705 quid
566 2660 661 2693 enim
684 2669 729 2692 ex
754 2655 901 2698 reliquis
929 2652 1088 2686 testibus
1111 2649 1171 2683 hic
1194 2647 1271 2680 illic
1294 2645 1476 2689 profertur
1500 2641 1586 2675 boni

186 2712 224 2743 in
248 2711 293 2743 iis
318 2709 420 2749 locis,
445 2707 508 2740 ubi
532 2704 697 2738 meliores
720 2701 883 2734 titubant
911 2701 976 2731 aut
999 2694 1286 2728 hallucinantur,
1319 2689 1469 2721 debetur
1499 2694 1587 2718 vera.

186 2756 297 2787 lectio
322 2764 391 2786 non
416 2750 638 2784 fidelioribus
661 2746 764 2780 libris
789 2744 949 2786 antiquis
973 2740 1058 2774 olim
1075 2736 1292 2781 deperditis,
1317 2733 1410 2766 unde
1434 2731 1490 2764 illi
1513 2739 1587 2762 mn-

188 2802 385 2838 naverunt,
424 2796 488 2829 sed
526 2793 664 2828 sollerti
693 2791 921 2824 coniecturae
958 2789 994 2819 et
1031 2783 1129 2817 felici
1165 2777 1425 2815 emendationi,
1461 2773 1588 2818 quales

187 2853 331 2886 semper
355 2841 495 2876 acutior
518 2839 651 2881 aliquis
676 2836 773 2869 inter
795 2831 989 2875 legendum
1012 2827 1219 2870 excogitare
1238 2828 1274 2857 et
1290 2821 1448 2865 reperire
1465 2818 1587 2852 ποίου
