1748 2950
716 102 1015 140 ΘΕΑΙΤΗΤΟΣ.
1501 97 1581 140 161

155 227 285 272 τοῦτο
308 225 392 283 γάρ
415 242 489 283 μοι
514 220 768 269 ἰνδάλλεται
793 220 1091 278 διανοουμένη
1125 214 1210 264 οὐκ
1233 215 1339 262 ἄλλο
1362 235 1405 263 τι
1429 212 1457 275 ἢ
1483 220 1583 262 δια-

157 295 393 352 λέγεσθαι,
427 290 538 349 αὐτὴ
569 288 733 347 ἑαυτὴν
768 291 979 346 ἐρωτῶσα
1011 287 1086 332 καὶ
1120 284 1474 344 ἀποκρινομένη,
1506 285 1581 330 καὶ

158 360 391 421 φάσκουσα
415 360 489 405 καὶ
514 355 566 404 οὐ
591 356 838 416 φάσκουσα.
898 353 1006 401 ὅταν
1033 354 1083 400 δε
1106 353 1318 414 ὁρίσασα,
1353 360 1440 399 εἴτε
1472 357 1581 412 βρα-

159 428 346 487 δύτερον
370 434 458 474 εἴτε
481 428 556 473 καὶ
579 423 790 484 ὀξύτερον
821 420 1140 481 ἐπαΐξασα,τὸ
1165 419 1273 467 αὐτὸ
1303 419 1392 479 ἤδη
1416 425 1481 480 φῇ
1506 422 1582 467 καὶ

106 513 123 538 5
157 493 218 556 μὴ
243 493 441 555 δισταζῃ,
469 493 603 549 δόξαν
627 492 794 580 ταύτην
817 496 1004 550 τίθεμεν
1027 489 1178 548 αὐτῆς.
1233 487 1338 535 ωστ’
1369 493 1508 548 ἔγωγε
1531 488 1580 534 τὸ

159 563 356 620 δοξάζειν
379 565 525 621 λέγειν
548 565 668 608 καλῶ
692 562 766 607 καὶ
798 558 880 618 τὴν
904 558 1038 614 δόξαν
1073 556 1207 616 λόγον
1233 558 1492 616 εἰρημένον,
1525 553 1580 603 οὐ

156 634 305 691 μέντοι
328 629 436 687 πρὸς
460 629 597 676 ἄλλον
621 628 729 675 οὐδε
752 630 905 688 φωνῇ,
936 625 1048 672 ἀλλὰ
1073 630 1176 686 σιγῇ
1200 623 1310 685 πρὸς
1335 623 1485 671 αὑτόν.
1524 623 1582 672 σὺ

159 700 207 746 δε
230 704 298 755 τί;

260 773 421 814 ΘΕΑΙ.
458 763 606 824 Κάγώ.

259 841 358 881 ΣΩ.
393 833 528 880 Ὀταν
557 852 643 891 αρα
666 851 730 885 τις
753 830 802 878 τὸ
828 834 979 889 ἕτερον
1003 833 1155 889 ἕτερον
1189 828 1368 890 δοξάζῃ,
1394 831 1468 875 καὶ
1493 848 1582 888 φη-

158 907 256 961 σίν,
283 901 341 955 ὡς
366 906 502 959 ἔοικε,
526 900 574 947 τὸ
600 903 752 958 ἕτερον
777 902 930 959 ἕτερον
955 899 1070 945 εἶναι
1094 897 1203 958 πρὸς
1228 896 1400 944 ἑαυτόν.

261 976 421 1016 ΘΕΑΙ.
466 974 523 1017 Τι’
541 967 650 1027 mim

257 1044 356 1084 Σῼ.
391 1034 746 1097 Ἀναμιμνῄσκου
771 1036 826 1094 δὴ
851 1039 892 1081 εἰ
915 1031 1085 1081 πώποτ’
1115 1034 1233 1088 εἶπες
1257 1034 1366 1093 πρὸς
1392 1031 1582 1080 σεαυτὸν

156 1103 224 1152 ὅτι
248 1103 411 1159 παντὸς
436 1107 603 1163 μᾶλλον
626 1103 675 1150 τό
699 1122 766 1150 τοι
790 1103 928 1150 καλὸν
953 1101 1137 1162 αἰσχρόν
1162 1104 1281 1148 ἐστιν
1305 1099 1332 1160 ἢ
1356 1100 1405 1148 τὸ
1424 1102 1583 1148 ἄδικον

104 1189 140 1215 15
160 1177 356 1231 δίκαιον,
393 1169 420 1230 ἢ
461 1177 559 1230 καί,
594 1171 643 1218 τὸ
675 1170 858 1218 πάντων
897 1169 1166 1230 κεφάλαιον,
1207 1168 1362 1216 σκόπει
1404 1177 1448 1216 εἰ
1478 1166 1580 1216 ποτ’

159 1243 444 1300 ἐπεχείρησας
469 1238 658 1286 σεαυτὸν
682 1244 860 1286 πείθειν
893 1236 951 1292 ὡς
976 1236 1140 1292 παντὸς
1163 1242 1332 1296 μᾶλλον
1355 1236 1403 1284 τό
1429 1240 1582 1296 ε’τερον

161 1307 312 1367 ἕτερόν
344 1310 485 1366 ἐστιν,
527 1305 554 1366 ἢ
589 1311 678 1354 πᾶν
709 1304 974 1353 τούναντίον
1015 1303 1117 1352 οὐδ’
1155 1308 1204 1352 ἐν
1236 1305 1366 1368 ὕπνῳ
1403 1305 1583 1352 πώποτε

161 1375 399 1436 ἐτόλμησας
435 1381 579 1422 εἰπεῖν
619 1374 729 1433 πρὸς
770 1374 958 1422 σεαυτὸν
1000 1374 1059 1427 ὣς
1094 1372 1377 1420 παντάπασιν
1407 1373 1494 1432 ἄρα
1529 1371 1584 1420 τὰ

158 1443 338 1503 περιττὰ
362 1443 491 1502 ἄρτιοί
516 1446 634 1490 ἐστιν
657 1443 686 1501 ἤ
710 1463 753 1488 τι
777 1441 884 1489 ἄλλο
907 1445 1120 1489 τοιοῦτον.

263 1518 421 1558 ΘΕΑΙ.
457 1508 621 1570 Ἀληθῆ
646 1511 800 1569 λέγεις.

104 851 139 876 10

104 1528 141 1553 20

1606 294 1673 327 190

258 1585 357 1626 Σῼ.
385 1579 545 1625 ’Ἁλλον
572 1580 624 1625 δέ
643 1598 743 1625 τινα
762 1586 845 1625 οἴει
862 1575 1167 1638 ὑγιαίνονταῆ
1188 1576 1458 1637 μαινόμενον
1482 1585 1578 1625 τολ-
1605 1587 1632 1621 O

246 1735 268 1766 4
284 1732 351 1767 καὶ
369 1737 451 1777 post
468 1733 544 1767 εἰτε
562 1734 645 1767 add
664 1734 784 1770 MAI]
798 1734 904 1788 Bkk„
925 1745 992 1767 om.
1011 1743 1044 1771 ς.

157 1779 652 1812 Winekelmannus.15
675 1775 779 1823 ποτ’]
800 1775 834 1813 τ’
859 1781 889 1816 21
896 1759 1033 1813 ἶΔθΠῙθ.
1151 1781 1194 1812 21
1219 1780 1353 1812 alium
1375 1781 1582 1823 quempiam

158 1824 212 1856 siv
215 1835 234 1856 e
253 1824 468 1878 prudentem
482 1824 557 1857 sive
572 1826 769 1860 insanum?
788 1825 952 1859 Ficinus.
1024 1819 1251 1868 ὑγιαίνοντα
1264 1825 1461 1858 delendum
1474 1829 1581 1868 puta—

155 1869 214 1901 vit
227 1870 327 1910 Hdfi,
346 1864 370 1911 ἢ
387 1865 620 1912 μαινόμενον
636 1870 818 1912 glossema
834 1871 947 1904 habet
964 1870 1193 1903 Hoenebeek
1208 1870 1364 1904 Hissink
1380 1881 1415 1913 p.
1434 1873 1489 1905 60.

1125 1736 1167 1767 14
1183 1737 1258 1767 (τοι
1274 1735 1401 1767 malim
1419 1735 1579 1768 abesse?

903 2001 1030 2057 σύνης
1049 2002 1197 2057 ἔχεται,
1231 2003 1306 2039 τῶν
1332 2000 1489 2039 πάντων
1522 2017 1582 2040 τοι

902 2048 967 2083 καὶ
985 2061 1032 2083 τα
1048 2045 1266 2103 παθήματα
1281 2046 1378 2094 ἡμῖν
1401 2046 1481 2085 ἐστι
1498 2060 1581 2095 σχε-

903 2090 976 2128 δὸν
992 2098 1074 2148 τοῖς
1090 2092 1302 2147 ποιήμασιν
1320 2095 1395 2129 ἰ’.σα
1430 2097 1534 2133 an.

947 2134 1126 2174 21⁹Amov
1141 2140 1185 2175 δε
1198 2152 1298 2174 τινα.
1318 2141 1489 2175 Socrates
1506 2153 1580 2175 non

901 2186 1145 2220 Theaetetum
1185 2187 1318 2228 solum,
1360 2187 1427 2220 sed
1468 2188 1580 2221 etiam

902 2231 1014 2263 alium
1046 2242 1279 2275 quemquam,
1313 2232 1578 2276 qualiscunque

204 2005 222 2035 1
267 1996 337 2036 οὖν.
369 1996 463 2036 ἄλλο
495 2015 531 2036 τι
562 2014 612 2038 sc.
641 2006 767 2038 ποιεῖν
795 1997 832 2048 η’,

157 2048 275 2080 nihil
300 2048 423 2081 aliud
447 2059 583 2091 quam.
628 2043 652 2092 ἢ
675 2050 834 2083 refertur

157 2093 203 2125 ad
220 2087 334 2135 ἄλλο,
357 2095 412 2126 ita
427 2098 468 2126 ut
486 2104 545 2126 res
561 2095 660 2126 inter
682 2105 722 2127 se
740 2106 834 2128 eom-

155 2142 376 2193 parentur.
369 2139 425 2172 Of.
443 2150 483 2189 p.
498 2140 599 2172 195E
616 2134 664 2172 τοὶ
681 2136 831 2182 ἕνδεκα,

156 2194 183 2216 α
206 2180 329 2226 μηδὲν
350 2178 446 2217 ἄλλο
469 2177 492 2227 ἢ
518 2183 741 2218 διανοεῖταί
760 2198 831 2229 τις,

157 2239 191 2271 p.
225 2230 330 2262 206A
364 2225 430 2268 ,Ως
472 2223 589 2263 οὐδὲν
629 2224 722 2263 αλλο
763 2230 830 2284 (sc.

153 2273 291 2325 ποιῶν)
320 2270 535 2316 μανθάνων
564 2269 821 2315 διετέλεσας”’
806 2270 830 2320 ’ἡ

155 2330 203 2352 τα
226 2322 396 2373 στοιχεῖα
417 2320 496 2353 κτλ.
545 2320 664 2353 Aliter
692 2320 831 2354 dictum

157 2366 214 2396 est
230 2363 355 2407 μηδεν
371 2359 456 2398 αλλ’
476 2358 502 2408 ἤ
520 2375 554 2407 p.
573 2366 687 2398 167Ε.

201 2407 465 2452 διαλέγεσθαι.
490 2411 561 2443 Pro
577 2404 832 2465 διαλέγεσθαι

157 2453 266 2487 Plato
288 2465 399 2497 saepe
422 2459 576 2498 usurpat
598 2451 741 2498 ἐρωτᾶν
763 2454 831 2490 καὶ

156 2490 454 2541 ἀποκρίνεσθαι,
482 2505 523 2533 ut
547 2511 582 2543 p.
608 2501 724 2534 168D.
772 2501 829 2535 cf.

162 2542 423 2578 Stallbaumius
441 2545 488 2578 ad
504 2545 645 2579 Phaed.
665 2547 761 2579 75D.

205 2589 246 2620 14
258 2585 304 2621 τό
316 2600 374 2622 τοι
387 2586 518 2625 καλόν.
555 2591 715 2642 Sophist.
728 2591 831 2625 2610

158 2630 231 2665 νῦν
245 2628 283 2665 δ’
299 2628 381 2668 ἐπεὶ
392 2652 436 2659 —
447 2635 562 2670 τοῦτο
575 2628 595 2669 ὃ
614 2630 735 2687 λέγεις
749 2635 831 2670 δια-

157 2672 418 2729 πεπέρανται,
458 2677 503 2714 τό
547 2692 606 2714 τοι
653 2676 832 2733 μέγιστον

158 2717 255 2764 ἡμῖν
285 2725 409 2767 τεῖχος
440 2722 636 2770 ἡρημένον
669 2720 718 2759 ὂὶν
759 2726 830 2780 εἴη.

158 2767 249 2807 Leg.
279 2767 332 2800 IX
362 2763 472 2803 859E
509 2770 651 2823 ἴδωμεν
688 2767 731 2805 δὲ
769 2767 832 2814 ὡς,

157 2809 196 2844 εἰ
211 2806 326 2846 πάντ’
351 2808 429 2848 ἐστὶ
452 2811 565 2860 καλοὶ,
591 2810 663 2850 ὅσα
686 2816 831 2851 δικαιο-

225 2879 332 2904 PLAT.
357 2880 514 2905 TEEAET.

900 2277 932 2309 is
964 2277 1029 2318 sit,
1062 2287 1122 2310 res
1153 2278 1319 2311 diversas
1352 2278 1579 2312 confundere

900 2332 972 2354 non
1003 2332 1111 2365 posse
1149 2333 1283 2366 magna
1324 2324 1502 2356 orationis
1541 2325 1581 2357 vi

900 2367 1003 2399 dicit.

943 2407 1172 2455 νγιαίνοντα
1188 2406 1214 2454 ἢ
1229 2407 1476 2465 μαινόμενον
1503 2414 1581 2446 qn-

898 2457 993 2490 iuria
1009 2458 1245 2491 Heindorfius
1265 2453 1494 2501 ὑγιαίνοντα
1518 2470 1579 2492 ex-

899 2503 1047 2544 punxit,
1076 2514 1162 2535 nam
1187 2504 1411 2537 sententiam
1434 2515 1579 2547 compa-

899 2557 982 2580 rare
1003 2547 1121 2581 voluit
1144 2559 1187 2581 ex
1210 2549 1281 2582 hoc
1304 2550 1462 2582 membro
1486 2550 1578 2590 solo,

900 2593 1073 2635 neglecto
1096 2593 1225 2629 altero.
1264 2595 1313 2626 At
1336 2595 1367 2627 si
1391 2595 1580 2628 contraria

898 2637 998 2670 inter
1026 2648 1065 2671 se
1093 2639 1221 2672 iuncta
1251 2639 1496 2682 explicantur,
1531 2640 1578 2672 iis

901 2686 1057 2724 apparet
1068 2684 1396 2727 interrogativum‘
1401 2687 1576 2728 unquam’

900 2728 1162 2763 circumscribi.
1203 2730 1262 2762 Cf.
1280 2730 1319 2763 C.
1340 2731 1380 2764 F.
1400 2731 1580 2763 Herman-

899 2782 967 2805 nus
986 2773 1033 2806 ad
1049 2784 1162 2817 remp.
1180 2775 1251 2807 VII
1268 2775 1399 2808 52913)
1434 2775 1582 2808 Sonan-

901 2828 1007 2860 zms,
1025 2829 1077 2862 sp.
1093 2820 1173 2852 erit.
1190 2831 1224 2863 p.
1244 2822 1286 2852 23
1306 2830 1358 2862 sq.

1263 2878 1305 2910 11
