1748 2950
330 168 389 212 40
788 163 1202 208 PROLuGoMENA

332 278 474 318 tricata
501 275 619 317 huius
657 277 719 317 rei
749 274 965 329 disputatio
995 280 1083 325 est,
1122 275 1361 329 praesertim
1399 286 1519 328 quum
1546 274 1664 316 Plato

333 334 423 386 ipse
452 344 645 383 nusquam
672 333 823 372 diserte
851 333 1153 383 significaverit,
1193 344 1286 371 sese
1322 342 1466 371 nomen
1505 336 1665 371 coutra—

336 394 441 427 ctum
481 389 611 438 aliquo
651 388 768 427 modo
805 388 961 426 solvere
997 391 1180 426 conatum
1220 399 1336 434 esse,
1379 399 1510 437 neque
1545 385 1664 425 etiam

336 443 568 495 deperditus
598 443 737 493 aliquis
769 442 871 481 liber
899 447 1254 488 commemoretur,
1286 443 1352 492 qui
1381 442 1459 482 buc
1489 442 1665 480 revocari

335 503 469 549 queat.
527 498 790 548 Quamobrem
826 501 914 536 tota
951 497 1051 536 haec
1089 497 1267 548 quaestio
1296 510 1372 536 una
1402 497 1541 535 nititur
1570 508 1664 535 con-

335 556 509 600 iectura,
548 555 612 593 cui
650 565 764 604 quam
803 552 1075 603 periculosum
1104 553 1157 592 sit
1199 556 1285 592 tuto
1316 550 1519 591 confidere
1547 563 1664 592 nemo

336 614 400 649 est
439 611 531 659 quin
567 614 714 660 sponte
750 608 893 646 videat.
950 607 1212 659 Experiamur
1247 612 1401 656 tamen,
1442 621 1489 646 an
1518 606 1665 658 aliquid

337 665 546 714 exquirere
587 665 808 714 possimus,
845 662 950 714 quod
987 667 1098 702 certe
1135 675 1214 702 non
1242 663 1358 714 piane
1388 675 1409 701 a
1435 662 1666 701 verisimill-

338 721 475 759 tudine
513 720 739 758 abhorreat.
805 718 863 758 Et
899 718 966 757 hic
1005 719 1165 768 quidem
1213 719 1327 757 nobis
1368 719 1536 769 primum
1575 729 1665 757 cum

338 774 831 814 Schleiermachero
861 786 929 813 res
962 774 1064 821 erit,
1110 773 1177 824 qui
1206 773 1441 824 Philosophi
1471 774 1666 825 picturam

336 831 376 868 in
414 829 602 881 Sophiste
642 834 684 867 et
717 829 888 868 Politico
937 829 1172 880 promissam
1210 829 1251 867 in
1291 830 1449 880 scriptis
1486 828 1666 868 Platonis

335 886 477 935 utique
500 885 678 936 ,reperiri
712 896 942 923 asseverare
976 897 1057 923 non
1094 884 1295 924 dubitavit.
1353 884 1518 924 Censuit
1561 883 1666 922 enim

335 941 396 979 vir
425 942 610 991 egregius
650 939 916 979 desideratam
954 939 1163 978 inchoatae
1201 939 1481 990 disputationis
1510 943 1666 990 partem

336 997 376 1039 in
405 997 558 1035 duobus
589 995 785 1034 contineri
812 995 924 1034 libris
954 995 1072 1034 etiam
1092 1006 1195 1034 nunc
1211 994 1509 1046 superstitibus,
1536 993 1668 1033 Phae·

338 1051 442 1090 done
480 1057 522 1089 et
557 1050 793 1101 Symposio,
833 1061 1001 1099 quorum
1037 1050 1141 1088 alter
1180 1050 1411 1101 philosophi
1446 1049 1666 1097 morientis,

338 1106 439 1144 alter
469 1106 696 1156 philosophi
734 1105 899 1144 viventis
935 1105 1146 1155 imaginem
1180 1106 1238 1144 ita
1276 1105 1327 1143 ob
1363 1104 1501 1144 oculos
1530 1108 1667 1155 ponat,

335 1164 382 1200 ut
410 1160 610 1200 desiderio
639 1159 814 1199 omnium
852 1159 1008 1199 abunde
1045 1159 1296 1199 satisfactum
1325 1171 1416 1199 esse
1443 1159 1568 1200 videri
1595 1159 1666 1199 de-

337 1215 444 1256 beat.
464 1228 507 1261 ,v.
539 1214 713 1254 Praefat.
756 1215 841 1254 eius
870 1213 921 1253 ad
959 1214 1096 1266 Symp.
1127 1227 1168 1265 p.
1198 1216 1293 1254 869.
1351 1215 1476 1263 Quam
1506 1214 1666 1265 quidem

334 1272 571 1310 seutentiam
609 1282 726 1320 quum
766 1282 843 1309 non
880 1269 1082 1311 defuerint
1117 1270 1185 1321 qui
1222 1282 1301 1309 non
1342 1270 1468 1309 solum
1499 1282 1667 1309 assensu

335 1338 407 1366 suo
437 1326 759 1376 comprobarent,
789 1324 859 1364 sed
890 1326 1009 1364 etiam
1036 1330 1219 1376 tanquam
1237 1326 1551 1377 peringeniosam
1582 1337 1665 1363 ma-

334 1382 421 1432 gnis
459 1381 639 1420 laudibus
675 1380 906 1428 afficerent,
949 1380 1065 1431 digna
1102 1393 1196 1420 sane
1230 1394 1299 1420 res
1336 1385 1400 1420 est
1439 1393 1538 1431 quae
1574 1381 1665 1420 dili·

331 1437 503 1488 gentiori
543 1436 709 1475 examini
749 1436 992 1476 subiiciatur.
1060 1435 1114 1476 Et
1148 1448 1224 1482 nos
1262 1437 1442 1487 quidem,
1490 1436 1665 1475 fatemur

333 1493 436 1531 euim
477 1492 673 1543 ingenue,
714 1503 736 1531 a
763 1491 836 1529 viri
866 1491 1082 1538 acutissimi
1123 1490 1277 1537 iudicio,
1298 1492 1398 1530 adeo
1426 1490 1666 1541 recedimus,

330 1550 376 1586 ut
415 1547 512 1585 licet
549 1547 733 1585 lubenter
767 1546 914 1597 ingenii
943 1559 1105 1585 acumen
1133 1546 1173 1586 in
1203 1558 1252 1586 eo
1281 1557 1562 1598 agnoscamus,
1603 1549 1664 1584 ta·-

331 1614 420 1641 men
459 1602 636 1642 veritatis
682 1601 851 1652 vestigia
886 1602 1017 1640 omnia
1055 1602 1172 1653 plane
1208 1601 1498 1643 desideremus.
1562 1599 1664 1641 Nam

332 1658 502 1708 primum
531 1657 688 1707 quidem
719 1669 906 1708 quaenam
942 1656 1099 1695 tandem
1130 1660 1194 1697 est
1221 1657 1351 1708 imago
1380 1658 1455 1696 ista
1484 1655 1665 1708 philoso-

333 1713 403 1764 phi
440 1713 479 1751 in
509 1711 726 1751 Phaedone
765 1716 806 1750 et
836 1711 1050 1763 Symposio
1077 1713 1313 1764 proposita?
1366 1711 1562 1752 Nimirum
1589 1723 1663 1750 nec

332 1780 392 1815 ea,
423 1767 576 1818 qualem
606 1772 699 1818 post
721 1766 950 1818 Sophistam
980 1767 1135 1806 huncce
1164 1772 1206 1806 et
1233 1766 1445 1807 Politicum
1476 1770 1662 1819 expecta-

330 1822 459 1871 veris,
489 1835 618 1873 neque
646 1822 759 1870 talis,
791 1834 890 1874 quae
921 1834 1057 1862 omnes
1086 1822 1349 1862 absolutionis
1377 1835 1562 1862 numeros
1591 1821 1663 1861 ha-

330 1878 424 1917 beat
454 1883 495 1917 et
523 1878 626 1917 unde
657 1882 799 1929 sponte
828 1877 1095 1928 intelligatur,
1131 1877 1171 1916 id
1202 1889 1305 1917 nuuc
1334 1878 1466 1929 ipsum
1494 1877 1663 1921 maxime

329 1933 417 1984 agi,
449 1937 492 1972 ut
521 1932 750 1984 philosophi
782 1932 933 1971 indoles
964 1937 1006 1971 et
1044 1932 1243 1985 ingenium
1280 1932 1528 1986 depingatur.
1584 1931 1663 1972 Ita-

331 2001 407 2039 que
435 1988 475 2027 in
505 1993 677 2039 utroque
708 1988 810 2026 libro
836 1987 1079 2028 describitur
1108 1988 1267 2040 quidem
1282 1989 1470 2029 Socrates
1499 1991 1543 2028 ut
1572 1986 1662 2040 phi·-

329 2033 541 2095 losffphus,
596 2043 667 2082 sed
706 2043 810 2082 idem
846 2042 915 2082 ille
955 2055 1033 2083 nou
1078 2043 1207 2084 minua
1241 2046 1423 2095 tanquam
1463 2042 1551 2083 talis
1591 2043 1663 2083 de·

330 2099 517 2154 scribitur
556 2099 595 2137 in
625 2098 712 2136 aliis
742 2097 922 2137 Platonis
952 2099 1137 2150 scriptis,
1175 2098 1298 2138 veluti
1334 2100 1375 2138 in
1412 2098 1583 2150 Gorgia,
1621 2098 1662 2139 in

328 2153 489 2201 Politia,
518 2155 556 2193 in
588 2153 786 2195 Phaedro.
844 2153 931 2192 Hos
961 2154 1084 2205 igitur
1112 2150 1248 2205 quidni
1279 2155 1420 2193 eodem
1451 2154 1539 2192 iure
1566 2164 1661 2194 con-

328 2208 494 2247 tendere
521 2209 641 2247 liceat
670 2207 936 2247 desideratam
964 2209 1079 2248 istam
1110 2208 1338 2261 philosophi
1368 2208 1591 2260 picturam,
1620 2209 1660 2248 in

328 2275 406 2301 uno
442 2263 573 2313 aliquo
613 2275 736 2315 opere
774 2263 927 2302 frustra
955 2265 1212 2314 anquisitam,
1250 2265 1412 2305 iunctim
1441 2263 1661 2303 exhiberet

329 2318 481 2357 Deinde
520 2318 748 2370 primarium
797 2325 1097 2369 argumentum,
1148 2319 1254 2370 quod
1290 2320 1330 2360 in
1366 2318 1581 2362 Phaedone
1617 2323 1661 2359 et

329 2372 541 2425 Symposio
571 2377 786 2421 tractatur,
825 2374 923 2412 adeo
961 2375 1107 2413 nullam
1142 2374 1264 2414 habet
1301 2387 1391 2414 cum
1427 2374 1661 2424 quaestione

328 2429 365 2466 iu
397 2428 589 2478 Sophista
617 2433 660 2468 et
690 2427 859 2467 Politice
890 2430 1035 2479 agitata
1066 2431 1405 2475 coniunctionem,
1444 2428 1543 2468 adeo
1572 2428 1659 2467 nul-

327 2484 405 2522 lam
445 2484 718 2535 cognationem
755 2496 801 2523 ac
837 2484 1158 2534 similitudinem,
1198 2488 1243 2524 ut
1285 2484 1352 2535 qui
1379 2484 1482 2523 haec
1510 2484 1659 2536 scripta

328 2539 407 2576 isto
444 2539 600 2578 vinculo
637 2540 817 2578 connecti
855 2543 897 2579 et
936 2540 1112 2592 copulari
1140 2541 1366 2593 potuerint,
1409 2539 1569 2578 minime
1598 2539 1657 2578 iu-

329 2593 546 2644 telligatur.
605 2593 823 2644 Comparet
861 2593 958 2634 mihi
996 2595 1138 2646 aliquis
1165 2594 1418 2647 gravissimos
1446 2593 1538 2634 illos
1567 2606 1657 2633 ser·-

328 2658 466 2689 moues
506 2648 557 2688 de
593 2649 812 2691 animorum
850 2650 1148 2691 immortalitate
1176 2650 1217 2691 in
1242 2648 1460 2693 Phaedone
1499 2648 1659 2691 institu-
