1716 2970
130 138 188 183 28
655 137 1030 174 PROLEGOMENA.

133 258 236 292 sunt.
268 250 362 292 Cum
383 251 499 302 igitur
520 261 597 290 non
618 249 743 289 solum
764 250 963 289 scientiam
979 261 1063 289 esse
1079 248 1311 293 existiment,
1328 247 1394 288 sed
1419 249 1534 289 etiam

133 307 396 351 inscientiam.
434 307 547 345 etiam
584 305 676 345 falsa
712 305 930 356 opinantur.
987 303 1099 344 Ratio
1137 309 1266 343 autem
1299 303 1536 355 Protagorae

135 362 315 413 quoniam
339 360 575 402 multitudini
597 372 673 399 non
694 360 901 411 probatur,
924 361 957 399 ei
980 371 1068 399 vera
1090 371 1169 399 non
1189 365 1259 399 est.
1292 358 1420 405 Quare
1440 359 1536 400 Pro-

134 425 289 468 tagoras
310 428 398 457 cum
420 417 618 456 neminem
637 414 731 455 salsa
752 415 902 467 opinari
924 415 1037 460 dicat,
1054 426 1103 454 ne
1121 426 1228 455 suam
1244 414 1401 467 quidem
1419 415 1535 454 ratio·

133 485 223 512 nem
246 484 375 512 veram
397 483 481 511 esse
502 471 717 511 concedere
739 470 933 522 putandus
954 475 1011 509 est
1025 468 1066 520 ¹).

245 527 331 567 Non
352 528 480 566 omnia
500 538 590 567 vera
612 538 695 566 esse
716 537 814 577 quae
841 526 1005 577 quisque
1025 525 1223 576 opinetur,
1250 524 1342 564 inde
1370 525 1538 564 maxime

135 585 395 634 cognoscitur,
418 582 519 634 quod
542 593 620 621 non
641 593 776 621 omnes
797 593 920 632 aeque
940 580 1110 620 iudicare
1131 585 1306 632 possunt,
1328 580 1421 632 quid
1443 591 1537 619 con-

134 638 267 683 ducat,
290 638 382 690 quid
403 649 481 677 non
491 636 535 689 ²).
586 637 694 676 Licet
714 637 818 676 enim
840 637 979 686 cuique
1001 646 1134 675 verum
1161 636 1211 674 sit
1231 634 1335 686 quod
1356 634 1536 675 sensibus

134 694 300 745 percipit
322 692 379 732 vel
402 692 504 743 quod
527 699 586 731 est
605 693 747 732 iustum
771 695 808 731 et
828 690 1056 742 pulchrum,
1084 695 1214 730 tamen
1234 691 1273 730 in
1295 689 1413 730 rebus
1435 690 1536 730 sutu-

133 749 207 795 ris,
237 748 283 788 ad
311 760 406 800 quas
436 749 550 787 etiam
581 759 644 786 res
673 746 785 788 utiles
813 748 1026 797 pertinent,
1056 750 1163 785 recte
1189 745 1404 785 iudicandis
1433 746 1537 785 inter

132 805 280 855 peritos
301 803 463 843 multum
484 804 650 843 interest
669 809 783 853 atque
803 803 1006 853 imperitos
1017 799 1060 852 ³).

244 859 348 898 Haec
369 859 652 909 argumentatio
680 855 1014 909 interrumpitur⁴¹)
1045 856 1337 907 comparatione
1364 854 1539 907 philoso-

132 914 301 967 phorum
323 926 409 953 cum
433 913 664 953 oratoribus.
697 912 882 952 Oratores
904 924 980 951 non
1002 910 1214 951 liberaliter
1235 910 1409 957 educati,
1440 916 1538 951 tem-

131 970 240 1022 poris
269 970 456 1020 angustiis
485 980 639 1020 semper
659 968 799 1008 inclusi
829 967 876 1007 de
898 966 1018 1007 rebus
1046 966 1185 1006 vilibus
1213 967 1538 1010 sermocinantur,

135 1026 307 1076 corrupti
328 1036 372 1064 ac
393 1024 591 1075 depravati
620 1029 722 1063 sunt.
775 1023 916 1063 Contra
937 1022 1158 1074 philosophi
1184 1021 1280 1061 nihil
1308 1027 1448 1061 curant
1474 1032 1539 1060 res

133 1079 314 1130 vulgares
342 1085 380 1120 et
399 1081 510 1119 tritas
530 1085 569 1119 et
595 1090 732 1123 vanas,
765 1078 905 1131 quibus
932 1077 996 1118 alii
1022 1078 1201 1117 homines
1230 1075 1419 1128 gaudent,
1448 1087 1537 1116 vera

132 1140 295 1175 utuntur
316 1136 434 1175 animi
454 1134 652 1180 libertate,
683 1134 730 1174 de
757 1133 875 1173 rebus
902 1133 1080 1173 maximis
1109 1132 1324 1177 disserunt,
1353 1131 1540 1183 dignitate

133 1196 224 1231 sunt
245 1191 402 1242 egregii,
425 1202 657 1242 quamquam
679 1189 913 1229 multitudini
930 1189 1108 1228 videntur
1128 1199 1213 1227 esse
1235 1186 1373 1226 stolidi.
1407 1186 1539 1226 Homi-

134 1257 228 1286 num
249 1252 377 1285 autem
398 1246 501 1285 salus
522 1251 560 1285 et
579 1245 778 1285 beatitudo
798 1255 948 1284 summa
968 1245 1008 1283 in
1030 1256 1075 1283 eo
1098 1244 1221 1294 posita
1242 1248 1311 1287 est,
1331 1241 1434 1293 quod
1454 1241 1540 1293 phi-

133 1300 288 1353 losophi
308 1302 475 1341 maxime
495 1306 713 1345 sectantur,
736 1306 778 1340 ut
797 1300 870 1339 deo
891 1300 984 1339 fiant
1003 1310 1119 1349 quam
1141 1297 1326 1337 simillimi
1338 1296 1380 1349 ⁵).

245 1356 324 1395 lam
353 1357 588 1407 Protagorae
615 1356 714 1395 ratio
748 1360 951 1407 postquam
985 1353 1150 1394 refutata
1188 1358 1263 1398 est,
1300 1354 1339 1392 in
1376 1363 1539 1393 examen

134 1411 317 1451 Socrates
352 1411 564 1451 vocandum
602 1411 696 1451 dicit
723 1410 908 1451 Heracliti
943 1415 1193 1461 praeceptum
1228 1409 1359 1448 omnia
1392 1407 1539 1447 moveri

134 1467 309 1507 docentis
321 1465 363 1517 ⁶).

245 1522 306 1561 lv.
337 1520 523 1561 Heracliti
543 1522 640 1561 ratio
661 1522 865 1561 refutatur.

244 1576 455 1616 Heraclitei
475 1583 518 1616 ut
538 1577 679 1616 docent
699 1577 827 1615 omnia
848 1576 1016 1619 moveri,
1043 1575 1094 1614 ita
1123 1575 1163 1613 in
1193 1585 1328 1614 eorum
1350 1573 1540 1612 sermoni-

135 1631 207 1672 bus
229 1633 441 1672 constantia
463 1633 621 1671 omnino
643 1631 904 1675 desideratur,
926 1629 1021 1669 nihil
1043 1630 1146 1669 enim
1167 1641 1240 1681 pro
1261 1634 1370 1668 certo
1391 1628 1537 1668 habere

134 1687 326 1728 videntur.
358 1688 408 1727 lis
428 1688 615 1727 contrarii
633 1692 723 1726 sunt
741 1684 948 1737 Eleatae7).

247 1743 286 1782 Si
307 1744 435 1783 omnia
457 1743 563 1782 omni
584 1743 736 1782 ratione
763 1746 969 1781 moventur
996 1752 1123 1792 neque
1151 1739 1361 1792 quidquam
1390 1745 1448 1779 est
1467 1750 1540 1790 per

134 1810 196 1843 se,
221 1798 287 1838 sed
310 1809 444 1837 omnes
465 1810 528 1837 res
548 1798 719 1838 motione
740 1796 925 1849 quadam,
956 1807 1054 1847 quae
1082 1796 1185 1834 inter
1206 1796 1357 1846 patiens
1390 1800 1428 1834 et
1456 1794 1539 1833 elfi-

135 1854 241 1893 ciens
262 1854 486 1899 intercedit,
510 1859 547 1893 et
574 1854 793 1893 sentiuntur
823 1857 861 1893 et
886 1850 983 1891 tales
1004 1851 1119 1896 fiunt,
1149 1849 1283 1902 quales
1311 1861 1397 1890 esse
1427 1848 1539 1889 nobis

134 1908 331 1953 videntur,
361 1909 435 1948 dici
463 1910 622 1954 omnino
650 1919 728 1947 non
758 1912 904 1960 potest,
937 1906 1062 1958 qualis
1088 1907 1137 1945 sit
1164 1917 1248 1950 res,
1284 1916 1372 1945 cum
1402 1916 1540 1957 perce-

134 1964 214 2015 ptio
250 1975 406 2016 semper
448 1969 620 2004 mutetur
660 1975 787 2014 neque
823 1962 902 2002 ullo
939 1962 1126 2014 temporis
1162 1967 1360 2001 momento
1402 1960 1538 2000 eadem

134 2025 371 2071 permaneat.
403 2019 532 2065 Quare
554 2018 649 2059 nulli
669 2019 727 2058 rei
748 2018 956 2070 quidquam
980 2022 1107 2070 potest
1134 2016 1253 2057 tribui
1272 2027 1400 2068 neque
1427 2014 1539 2067 quid-

136 2086 249 2126 quam
271 2079 397 2126 potest
417 2075 508 2114 sciri
520 2073 563 2125 Ξἶ).

246 2129 466 2170 Eleatarum
488 2131 659 2169 rationes
678 2140 757 2168 non
778 2129 1068 2173 examinantur,
1091 2138 1140 2166 ne
1161 2138 1182 2166 a
1202 2126 1404 2178 proposito
1424 2126 1541 2165 nimis

134 2183 391 2236 aberretur0).

231 2315 265 2358 1)
293 2326 326 2359 p.
354 2316 629 2349 icen—1710.
749 2313 783 2356 2)
810 2326 843 2357 p.
872 2314 1144 2347 run—1⁷23.
1265 2313 1300 2354 3)
1326 2323 1360 2356 p.
1387 2312 1540 2346 1770-

138 2361 201 2394 179
211 2360 252 2394 B.
344 2359 378 2401 4)
404 2360 605 2393 Embolium
629 2360 697 2392 hoc
721 2369 801 2392 esse
827 2370 845 2392 e
862 2358 1028 2391 Platonis
1046 2358 1164 2391 verbis
1188 2357 1277 2400 ipsis
1295 2357 1538 2399 cognoscitur.

133 2416 168 2447 p.
197 2404 297 2437 173ss
329 2399 418 2443 τοὺς
448 2401 493 2438 δὲ
517 2403 586 2438 τοῦ
610 2400 797 2448 ἡμετέρου
827 2401 941 2446 χοροῦ
969 2397 1129 2444 πότερον
1163 2395 1291 2444 βούλει
1315 2395 1541 2452 διελθόντες

134 2442 164 2492 ἦ
184 2444 363 2487 ἐάσαντες
387 2444 527 2482 πάλιν
550 2443 625 2482 ἐπὶ
649 2443 727 2481 τὸν
759 2443 898 2492 λόγον
921 2442 1217 2490 τρεπώμεθα,
1244 2444 1308 2479 ἵνα
1331 2442 1382 2498 μὴ
1407 2445 1489 2483 καί,
1515 2455 1536 2478 ο

133 2491 206 2526 νῦν
230 2488 278 2536 δὴ
305 2487 500 2536 ἐλέγομεν,
534 2492 620 2526 λίαν
648 2486 746 2526 πολὺ
775 2491 820 2534 τῇ
845 2488 1050 2535 ἐλευθερίᾳ
1074 2489 1139 2524 καὶ
1170 2490 1435 2543 μεταληψει
1465 2488 1540 2523 τῶν

135 2531 256 2580 λόγων
277 2531 576 2580 καταχρώμεθας
610 2548 644 2580 p.
671 2538 771 2570 177Β
796 2534 883 2578 περὶ
913 2533 982 2579 μὲν
1013 2526 1081 2569 οὖν
1113 2544 1274 2576 τουτων,
1306 2528 1439 2575 ἐπειδὴ
1473 2531 1539 2566 καὶ

133 2577 342 2626 πάρεργα
371 2577 550 2625 τυγχάνει
581 2576 786 2625 λεγόμενα,
819 2575 1057 2623 ἄποστῶμεν·
1091 2576 1128 2613 εἰ
1156 2575 1199 2613 δὲ
1228 2574 1281 2621 μή
1329 2577 1446 2611 πλείω
1477 2571 1539 2612 ἀεὶ

135 2620 355 2669 ἐπιρρέοντα
387 2624 596 2669 κατακαύσει
627 2621 734 2668 ἡμῶν
764 2620 832 2658 τὸν
861 2620 901 2666 ἐξ
930 2618 1049 2668 ἀρχῆς
1079 2619 1207 2667 λόγον·
1238 2603 1301 2656 ἐπὶ
1331 2618 1375 2655 δὲ
1405 2618 1452 2655 τὰ
1478 2619 1539 2665 ἔμ-

134 2670 305 2712 προσθεν
330 2668 464 2713 ἴωμεν,
491 2667 528 2704 εί
549 2668 614 2704 καὶ
638 2668 698 2703 σοὶ
721 2668 839 2703 δοκεῖ.
889 2669 990 2710 Quae
1016 2678 1098 2701 cum
1121 2668 1174 2701 ita
1197 2668 1288 2708 sint,
1313 2676 1405 2709 quae
1428 2669 1541 2700 antea

136 2715 303 2757 exposita.
328 2718 432 2747 erant
455 2725 489 2758 p.
518 2714 616 2749 1770
643 2717 870 2757 repetuntur.
919 2713 976 2746 Cf.
1000 2713 1188 2746 Bonitzius
1212 2723 1247 2755 p.
1270 2713 1335 2745 297
1362 2721 1414 2754 sq.

135 2760 169 2802 5)
195 2770 229 2802 p.
256 2759 533 2796 nac—17⁷0.
632 2757 668 2801 6)
693 2769 727 2801 p.
753 2757 952 2791 17913-0.
1050 2757 1084 2798 7)
1111 2767 1147 2800 p.
1174 2755 1449 2790 Ποῦ-18113.

134 2803 170 2844 8)
196 2813 230 2846 p.
258 2804 536 2838 lSlB-183D,
626 2803 661 2845 9)
686 2814 721 2846 p.
747 2802 1022 2837 183D—184A.
