1716 2970
666 143 966 180 ΘΕΑΙΤΗΤΟΣ.
1476 137 1530 180 51

106 265 252 313 ἀπιών
293 263 428 312 πάλιν
468 260 762 322 ἀνεμνήσθην
794 261 868 306 καὶ
902 257 1140 319 ἐθαύμασα
1172 255 1442 317 Σωκράτους
1475 253 1535 309 ὥς

107 352 328 394 μαντικως
351 330 462 378 αλλα
485 350 533 377 τε
558 329 614 389 δὴ
639 329 735 376 εἷπε
759 330 833 375 καὶ
856 329 959 387 περὶ
981 325 1152 374 τούτου.
1203 329 1328 372 δοκεῖ
1351 344 1435 384 γαρ
1460 343 1535 383 μοι

107 401 260 460 ὀλίγον
283 398 367 461 πρὸ
391 402 470 446 τοῦ
494 397 697 446 θανατου
717 400 920 457 ἐντυχεῖν
939 393 1059 458 αὐτῷ
1083 399 1298 455 μειρακίῳ
1323 391 1434 451 ὄντι,
1460 393 1534 438 καὶ

108 467 431 528 συγγενόμενός
461 486 509 514 τε
540 468 614 513 καὶ
647 466 900 525 διαλεχθεὶς
943 482 1063 511 πανυ
1103 460 1360 544 αγασθῆναι
1395 458 1532 506 αὐτοῦ

74 564 90 589 5
108 538 189 596 τὴν
213 534 363 596 φυσιν.
413 539 492 581 καί
520 553 594 594 μοι
620 532 797 581 ἐλθόντι
826 531 1038 591 Ἀθήναζε
1060 529 1164 585 τούς
1196 549 1243 577 τε
1267 530 1427 588 λόγους
1451 525 1530 581 οὓς

110 606 317 664 διελέχθη
341 602 460 665 αὐτῷ
487 601 728 662 διηγήσατο
752 602 826 647 καὶ
851 599 970 660 μάλα
993 597 1142 654 αξιόυς
1166 596 1324 657 ακοῆς,
1359 596 1459 643 εἶπέ
1486 614 1533 642 τε
1551 607 1583 639 D

107 670 173 719 ὅτι
197 675 317 718 πᾶσα
341 668 513 730 ἀνάγκη
534 677 602 729 εἴη
625 674 785 717 τοῦτον
804 667 1035 728 ἐλλόγιμον
1057 668 1293 726 γενέσθαι,
1321 672 1445 723 εἴπερ
1472 668 1533 718 εἰς

106 739 283 799 ἡλικίαν
307 744 445 786 ἔλθοι.

216 813 335 854 ΤΕΡ.
384 808 474 854 Καὶ
509 803 657 864 ἀληθῆ
689 825 763 864 γε,
798 803 857 859 ὡς
884 809 1050 862 ἔοικεν,
1086 802 1223 849 εἶπεν.
1273 799 1384 860 ἀτὰρ
1415 806 1534 854 τίνες

58 895 89 921 10
108 868 224 934 ἦσαν
248 879 294 922 οἱ
309 873 454 933 λόγοις
479 879 592 933 ἔχοις
616 870 673 919 ἂν
697 871 1022 931 διηγήσασθαι;

23 940 26 945 ’
211 950 300 990 ΕΤ.
354 940 421 989 Οὐ
445 941 505 1001 μὰ
527 939 607 987 τὸν
631 945 744 999 Δία,
776 938 943 987 οὔκουν
964 936 1079 986 οὕτω
1112 958 1163 998 γε
1187 936 1273 984 ἀπὸ
1299 936 1532 997 στόματος·

108 1010 205 1056 ἀλλ’
245 1007 506 1070 ἐγραψάμην
535 1010 617 1068 μὲν
648 1007 737 1055 τότ’
781 1006 924 1063 εὐθυς
963 1003 1108 1054 οἴκαδ’
1145 1004 1295 1053 ἐλθών
1328 1004 1531 1065 ὑπομνή-
1551 1016 1616 1048 143

106 1098 242 1138 ματα,
268 1076 457 1136 ὕστερον
483 1077 532 1124 δὲ
551 1076 660 1123 κατὰ
679 1075 843 1136 σχολὴν
861 1073 1301 1135 ἀναμιμνῃσκόμενος
1322 1078 1535 1134 ἔγραφον,

198 1213 219 1244 9
243 1209 320 1244 Καὶ
346 1202 419 1254 ἇλη
422 1209 478 1265 θῆ
505 1228 548 1234 -
580 1206 688 1243 εἶπεν
719 1209 868 1245 ⁹10A11³
903 1209 992 1250 de.
1018 1208 1186 1241 tribuunt
1214 1207 1431 1250 Terpsioni,
1462 1208 1535 1239 Eu—

108 1256 195 1288 elidi
219 1264 252 1292 ς.
348 1222 419 1288 12η
413 1252 482 1298 μὲν
507 1266 574 1288 0111.
601 1255 732 1290 ’ὶῐΔΠ-

157 1370 173 1400 1
205 1362 413 1411 ἐθαύμασα
454 1361 684 1419 Σωκράτους
725 1363 787 1406 ὡς.

109 1413 248 1446 Eadem
258 1413 457 1464 antiptosis
466 1423 499 1467 p.
512 1414 575 1445 195
585 1413 612 1445 0
623 1423 787 1464 ευρηκας

110 1453 159 1500 δή
184 1457 313 1510 ψευδῆ
334 1453 453 1499 δόξαν
466 1469 525 1492 οτι
540 1452 627 1491 οὔτε
645 1453 686 1491 ἐν
700 1461 788 1496 ταῖς

109 1498 342 1545 αἰσθήσεσίν
359 1498 450 1536 ἐστι.

153 1561 173 1592 2
191 1558 306 1593 δοκεῖ
313 1555 385 1603 γάρ
399 1570 478 1603 μοι,
495 1563 608 1592 ‘nam
622 1559 660 1592 si
673 1559 785 1592 bene

108 1605 299 1638 memini.
340 1604 402 1637 Sic
424 1605 503 1638 fere
519 1605 693 1637 verterim
716 1605 785 1638 hoc

108 1649 257 1689 δοκεῖν,
275 1660 388 1692 saepe
406 1651 462 1682 ita
475 1650 520 1683 de
538 1650 647 1683 rebus
661 1650 786 1690 factis,

107 1705 258 1738 quarum
275 1695 356 1747 quis
373 1695 550 1736 meminit,
567 1695 786 1728 adhibitum.

106 1751 141 1783 p.
166 1741 272 1773 144D
303 1735 374 1782 τὴν
403 1737 536 1783 μέντοι
559 1733 698 1773 οὐσίαν
721 1739 786 1773 δο-

106 1783 216 1819 κοῦσί
249 1795 314 1839 μοι
346 1780 549 1827 ἐπίτροποί
576 1796 678 1824 τινες
711 1785 787 1819 διε-

107 1827 342 1872 φθαρκέναι.
390 1831 489 1864 Prot.
525 1832 591 1864 314
607 1830 634 1863 0
671 1841 786 1873 symp.

110 1875 215 1908 1733
255 1875 417 1918 Euthyd.
457 1877 523 1908 273
536 1876 603 1908 A.’
665 1876 786 1908 Ham—

113 1929 291 1952 nonnus.

153 1978 174 2009 5
192 1986 232 2009 τε
248 1994 291 1998 -
309 1976 329 2008 6
343 1986 400 2017 τε,
418 1979 459 2008 ut
476 1986 511 2018 p.
531 1976 635 2009 16OA
652 1976 787 2010 17401)

109 2021 172 2054 183
182 2021 252 2053 BC.

153 2079 173 2110 7
204 2076 310 2119 εἴπερ
336 2074 391 2115 εἰς
415 2071 572 2120 ἡλικίαν
595 2073 707 2110 ἔλθοι
731 2078 787 2112 ‘h.

108 2134 138 2156 e.
171 2122 225 2154 ad
255 2125 454 2155 aetatem
481 2125 718 2164 maturam,
749 2124 788 2155 si

109 2167 404 2201 adolevisset.
435 2177 470 2200 v.
502 2168 548 2199 ad
579 2167 725 2200 Charm.
750 2179 785 2221 p.

109 2214 238 2246 154A.’
257 2211 416 2245 STALLB.
433 2207 786 2266 Μεηο89Βέπειὸὴ

107 2252 313 2300 αφίκοιντο
332 2254 386 2295 εἰς
409 2253 480 2301 τήν
497 2253 671 2310 ἡλικίαν,
698 2254 786 2302 χρή-

107 2312 209 2346 σιμοι
226 2301 418 2346 γίγνοιντο
435 2305 520 2342 ταῖς
536 2298 705 2337 πόλεσιν.

152 2360 172 2391 9
190 2357 282 2392 (Καὶ
312 2353 443 2402 αληθῆ
467 2377 510 2382 -
535 2355 662 2402 εἶπεν,
693 2371 786 2402 quae

105 2403 214 2446 vulgo
251 2403 297 2436 ad
331 2414 588 2447 praegressam
623 2405 790 2438 Euclidis

108 2450 312 2482 orationem
344 2449 559 2491 trahuntur,
595 2450 791 2492 Terpsioni

107 2493 304 2537 adscripsi,
335 2494 545 2547 postulante
575 2498 614 2528 et
644 2496 790 2528 ratione

110 2542 147 2570 et
178 2549 244 2571 usu
268 2539 476 2572 voeabulae
506 2535 614 2593 ατάρ.
658 2540 791 2573 Paullo

108 2586 193 2617 ante
216 2595 251 2626 p.
271 2584 372 2616 142Β
398 2583 474 2617 Καὶ
498 2578 616 2618 οὖδεν
640 2579 677 2629 γ’
696 2596 786 2618 ατο-

107 2638 180 2661 πον
213 2646 266 2660 -.
307 2623 403 2682 α’τὰρ
438 2629 517 2669 πῶς
553 2624 622 2663 οὐκ
663 2625 785 2663 αὐτοῦ

108 2673 290 2726 Μεγαροῖ
308 2672 516 2717 ›tavei-vem
570 2676 707 2709 ,1541)
727 2668 784 2709 Εὖ

107 2728 149 2759 γε
173 2713 220 2760 νὴ
245 2729 334 2770 την
331 2714 480 2770 ”Ηραν,
513 2710 540 2753 ὦ
543 2686 682 2772 Ρφίλε,
718 2718 786 2754 καὶ

107 2761 236 2801 θείως.
245 2774 368 2814 αταρ,
387 2776 435 2803 ως
453 2745 591 2816 ἔοικεν,
609 2745 717 2799 ἒαν’
693 2776 784 2799 απο-

106 2807 192 2849 κρίν
241 2818 301 2840 οτι
324 2805 445 2851 ἔστιν,
470 2804 723 2853 Εὗριπίδειόν
749 2822 784 2844 τι

108 2852 180 2895 ξυμ
212 2848 367 2895 η’σεται]
406 2834 691 2889 H’mxnonrms.
726 2855 783 2889 Cf.

858 1378 893 1409 p.
933 1367 1035 1399 144Ε
1069 1365 1182 1399 1470.
1228 1366 1396 1406 Heusde,
1435 1377 1534 1409 spec.

858 1413 939 1444 crit.
956 1423 990 1454 p.
1011 1413 1065 1444 27.

905 1481 943 1511 11
970 1490 1089 1519 ουτω,
1122 1479 1185 1511 sic
1214 1481 1260 1511 ut
1288 1489 1403 1511 nunc
1428 1489 1534 1530 sum,

858 1525 925 1556 sic
961 1525 1128 1556 statim.
1181 1525 1222 1556 P.
1249 1523 1361 1557 1470
1381 1518 1537 1566 Ρρὶὃιον

857 1595 865 1603 .
894 1595 903 1603 .
929 1595 936 1602 .
963 1567 1034 1603 νῦν
1056 1580 1096 1612 γε
1129 1563 1228 1602 οὕτω
1257 1567 1454 1620 φαίνεται.

859 1615 961 1647 158Β
989 1613 1030 1647 εἴ
1041 1626 1098 1655 τις
1117 1611 1240 1658 ε”ροιτο
1263 1613 1337 1648 νῦν
1358 1625 1477 1653 ουτως
1495 1625 1538 1648 εν

857 1659 910 1714 τῷ
931 1655 1104 1702 παρόντι.
1138 1671 1172 1702 p.
1190 1661 1305 1693 2021)
1322 1651 1380 1702 Αρ
1400 1677 1442 1683 -
1466 1659 1537 1694 νῦν

858 1716 956 1739 ουτω
993 1703 1085 1748 τῇδε
1125 1705 1185 1762 τῇ
1210 1700 1336 1761 ἡμέρᾳ
1375 1699 1537 1758 εἰλήφα·

856 1761 938 1803 μεν.
967 1762 1002 1794 p.
1022 1749 1123 1801 1620
1148 1747 1185 1784 εἰ
1205 1746 1395 1806 ἐξαίφνης
1419 1746 1538 1789 οὕτως

857 1790 1104 1849 αναφανήσει
1134 1792 1260 1839 μηδὲν
1289 1795 1424 1840 χείρων
1457 1797 1536 1829 κτλ.

858 1852 933 1874 omo
976 1851 1162 1884 στοματος
1205 1845 1291 1875 ‘est
1330 1843 1536 1875 memori—

857 1889 948 1927 ter,
1000 1887 1117 1920 libro
1170 1897 1255 1920 non
1313 1886 1534 1920 adhibito.

857 1931 940 1964 Vid.
988 1932 1083 1966 Tim.
1127 1932 1198 1964 lex.
1241 1943 1274 1975 p.
1316 1934 1361 1965 43
1409 1932 1535 1974 ibique

856 1976 1019 2009 Ruhnkae
1052 1977 1340 2017 Hmnnom-ms,
1364 1978 1536 2028 (1111510111-

885 2025 967 2053 arat
984 2022 1077 2054 Xen.
1094 2033 1200 2055 mern.
1219 2022 1275 2054 III
1294 2023 1326 2059 6,
1345 2023 1364 2054 9
1385 2015 1469 2055 Οὐκ
1488 2033 1537 2054 αν

875 2063 989 2108 ’χοιμί
1003 2076 1062 2100 σοι
1080 2077 1179 2100 ουτω
1196 2078 1239 2109 γε
1256 2062 1334 2100 ἀπὸ
1352 2062 1538 2109 στόματος

859 2109 993 2145 εἰπεῖν.

903 2181 944 2212 12
973 2173 1242 2230 ὑπομνήματα.
1284 2180 1329 2212 ‘A
1357 2180 1537 2223 principio

857 2218 1115 2268 ὑπομνήματα
1139 2225 1214 2258 ista
1231 2226 1437 2268 composita
1454 2235 1536 2258 esse

858 2271 904 2303 ad
932 2270 1121 2303 labantem
1156 2272 1367 2303 memoriam
1396 2274 1537 2304 susten—

857 2315 1008 2348 tandam
1019 2319 1057 2348 et
1064 2315 1306 2348 Antisthenes
1320 2315 1418 2359 apud
1426 2317 1536 2359 Diog

857 2362 901 2394 L.
926 2361 977 2393 VI
1003 2363 1039 2402 1,
1065 2363 1085 2394 5
1115 2363 1152 2394 et
1174 2361 1282 2394 Plato
1304 2362 1343 2394 in
1365 2361 1536 2394 Phaedro

859 2417 892 2449 p.
911 2407 1017 2439 2761)
1037 2406 1170 2439 docent
1185 2401 1284 2440 ἄλλα
1302 2417 1392 2445 τους
1408 2403 1480 2448 μὲν
1495 2401 1536 2440 ἐν

860 2446 1051 2502 γράμμασι
1069 2446 1229 2493 κήπους,
1250 2447 1299 2490 ὡς
1318 2448 1429 2492 ξ’,οικε
1446 2463 1538 2484 παι-

861 2495 949 2549 ὃιᾶς
966 2492 1077 2547 χάριν
1095 2499 1232 2550 σπεριῐ
1244 2507 1284 2530 τε
1301 2495 1367 2530 καὶ
1375 2491 1536 2549 γραψει,

859 2535 953 2574 ὅταν
980 2537 1110 2586 γράφῃ
1139 2536 1263 2587 ἑαυτῷ
1292 2553 1332 2576 τε
1365 2537 1536 2594 ὑπομνη-

858 2597 961 2628 ματα
978 2576 1311 2644 θησαυριζόμενος
1330 2585 1384 2625 εἰς
1405 2599 1448 2620 το
1469 2589 1534 2629 λη-

855 2631 934 2674 θης
950 2643 1072 2683 γηρας
1091 2627 1197 2664 ἐαν”’
1177 2643 1310 2675 ικηται
1334 2631 1401 2665 καὶ
1417 2630 1535 2665 παντὶ

855 2676 905 2722 τῷ
926 2672 1070 2710 ταύτὸν
1100 2676 1205 2720 ἴχνος
1234 2672 1405 2721 μετιόντι
1433 2688 1467 2710 κ.
1500 2677 1532 2709 λ.

855 2713 993 2754 Eodem
1009 2722 1115 2755 modo
1134 2723 1245 2756 etiam
1257 2722 1432 2755 Euclides
1450 2722 1534 2754 Pla-

855 2767 1022 2800 tonieus
1013 2778 1050 2799 m
1064 2767 1299 2801 Theaeteto)
1323 2769 1534 2807 Romanus,

854 2812 910 2844 De
945 2812 1215 2855 hypomnemat.
1273 2812 1403 2845 Graec.
1433 2812 1533 2846 Berl.

857 2857 943 2890 1842
968 2867 1003 2899 p.
1023 2859 1055 2890 2.

1206 2916 1226 2945 4
1238 2912 1254 2930 *
