1716 2964
658 92 1045 128 PROLEGOMENA.
1523 88 1580 132 33

143 218 308 253 ventum
348 211 396 250 iri
433 209 578 250 dictum
611 214 696 248 erat
723 219 851 259 neque
887 207 920 246 ei
950 204 1200 246 irascendum
1231 216 1335 249 esse,
1367 205 1431 245 cui
1460 203 1581 245 falsae

144 269 360 322 opiniones
376 267 598 319 eripiantur
610 262 652 316 ¹).
703 263 854 304 Deinde
874 261 1008 303 multis
1035 261 1132 302 locis
1151 260 1337 313 legimus,
1368 263 1505 313 quanti
1533 262 1582 301 sit

148 325 373 367 faciendum
391 328 432 363 ut
448 322 534 374 quis
551 322 648 370 sciat
663 333 764 373 quae
780 321 930 360 nesciat
946 320 1115 372 ideoque
1131 330 1234 370 quae
1248 319 1400 358 nesciat
1417 330 1460 357 se
1478 318 1581 358 scire

150 394 229 422 non
253 378 518 427 arbitretur2).
559 378 698 428 Neque
724 377 800 417 hoc
816 374 1212 429 praetermittendum
1233 374 1490 428 philosopho,
1514 376 1582 425 qui

150 450 315 492 prorsus
350 447 447 476 nova
482 435 719 487 praecipiat,
750 433 1029 474 refutationem
1058 432 1255 472 rationum
1290 431 1581 471 contrariarum

151 494 341 535 momenti
357 504 444 533 esse
460 491 620 531 maximi
631 489 676 541 3).
698 492 825 542 Atque
839 491 956 530 etiam
975 487 1104 529 verbis
1119 487 1264 540 dialogi
1278 487 1425 528 ultimis
1435 485 1582 528 ἕωθεν

148 549 216 604 δέ,
238 542 274 591 ὦ
291 546 522 600 Θεόδωρε,
539 546 676 599 δεῦρο
697 545 837 587 πάλιν
858 542 1129 599 ἀπαντῶμεν
1149 545 1392 597 significatur
1413 557 1512 590 rem,
1532 543 1580 583 de

151 619 226 660 qua
243 605 453 658 disceptari
469 611 652 657 coeptum
671 605 733 650 sit,
752 603 928 643 nondum
944 614 1031 642 esse
1048 601 1266 643 absolutam
1277 600 1322 654 4).
1345 600 1582 652 Adiungitur

150 665 256 703 enim
287 663 377 702 huic
405 662 580 701 sermoni
607 662 659 706 is,
689 661 757 711 qui
783 660 959 712 sophista
987 659 1199 710 inscriptus
1228 665 1306 704 est,
1336 658 1398 697 his
1429 657 1581 698 verbis:

150 715 278 760 Κατὰ
297 714 381 772 τὴν
410 715 517 770 χθὲς
537 713 804 770 ὁμολογίαν,
834 708 871 756 ὦ
893 713 1158 768 Σώκρατες,
1187 711 1357 768 ἥκομεν
1385 709 1519 755 αὐτοί
1536 727 1584 755 τε

150 775 346 829 κοσμίως
373 773 449 815 καὶ
481 772 614 814 τόνδε
649 769 751 813 τινὰ
779 770 909 821 ξένον
944 767 1137 825 ἄγομεν,
1166 770 1224 815 τὰ
1253 770 1337 824 μὲν
1371 769 1502 823 γένος
1537 768 1584 820 ἐξ

0 829 5 900 J
141 830 318 883 Ἐλέας,
355 829 534 883 ἑταῖρον
569 827 618 871 δὲ
653 830 746 870 τῶν
781 825 897 882 ἀμφὶ
929 826 1227 882 Παρμενίδην
1263 826 1338 867 καὶ
1373 826 1582 881 Ζήνωνα,

146 886 271 942 μάλα
293 886 342 929 δὲ
364 884 510 940 ἄνδρα
531 884 802 939 φιλόσοφον.

265 945 402 997 Neque
423 955 516 983 vero
545 943 705 982 omnino
734 941 845 981 locus
873 941 1138 986 desideratur,
1174 954 1222 981 ex
1249 953 1327 992 quo
1356 940 1584 993 philosophi

147 1014 254 1055 quae
276 1001 396 1041 fuerit
415 1011 527 1039 mens
547 999 713 1039 divinari
728 999 863 1050 possit.
895 998 996 1038 Toto
1014 999 1119 1039 enim
1136 1009 1322 1038 sermone
1337 1010 1428 1038 cum
1444 1010 1585 1038 eorum

145 1070 265 1098 error
294 1062 551 1108 coarguatur,
590 1057 658 1108 qui
686 1055 735 1096 ad
769 1067 907 1095 sensus
938 1061 976 1095 et
1005 1055 1212 1108 opiniones
1248 1067 1366 1094 omne
1396 1055 1583 1095 iudicium

149 1115 328 1154 veritatis
348 1112 608 1158 revocabant,
632 1112 903 1165 quaerendum
925 1124 1019 1152 sane
1042 1116 1114 1158 est,
1137 1112 1296 1164 quinam
1318 1113 1397 1152 sint
1416 1110 1491 1159 illi,
1516 1113 1583 1164 qui

151 1170 478 1224 pbilosophorum
502 1170 661 1208 nomine
683 1168 791 1221 digni
812 1170 902 1209 sint.
942 1168 1057 1208 Tales
1078 1173 1208 1209 autem
1232 1169 1303 1208 viri
1325 1167 1495 1208 embolio
1516 1168 1583 1208 illo

150 1226 373 1267 clarissimo
386 1225 414 1278 5)
441 1225 739 1271 describuntur,
768 1224 874 1278 quod
897 1231 956 1265 est
977 1225 1024 1266 de
1045 1224 1373 1277 philosophorum
1395 1225 1585 1277 dignitate

153 1289 193 1323 et
213 1283 262 1323 de
280 1282 443 1323 aliorum
465 1282 670 1322 hominum
690 1282 883 1334 imprimis
911 1286 1115 1322 oratorum
1136 1283 1214 1321 vita
1244 1281 1441 1322 vilissima.
1493 1283 1584 1322 Veri

157 1341 261 1381 enim
283 1338 507 1392 philosophi
540 1350 782 1390 cognoscere
802 1339 995 1390 gestiunt,
1025 1338 1119 1390 quid
1142 1350 1320 1390 quaeque
1348 1351 1412 1378 res
1433 1339 1483 1378 sit
1513 1351 1584 1390 per

152 1409 196 1436 se
217 1402 256 1437 et
277 1409 298 1436 e
321 1407 532 1447 corporum
554 1394 719 1435 vinculis
740 1401 925 1447 tanquam
957 1408 978 1434 e
1001 1407 1162 1434 carcere
1183 1395 1231 1435 ad
1253 1395 1419 1435 deorum
1448 1395 1582 1435 sedem

147 1453 340 1504 effugere.

267 1508 401 1561 Neque
428 1507 538 1548 Plato
567 1508 607 1546 in
637 1507 950 1547 adversariorum
994 1507 1246 1558 opinionibus
1282 1508 1502 1548 refutandis
1532 1509 1585 1548 ita

152 1571 330 1605 versatus
352 1571 428 1610 est,
451 1570 494 1604 ut
515 1565 677 1604 omnino
698 1565 779 1604 veri
801 1563 898 1604 nihil
920 1564 1141 1616 protulerit.
1176 1565 1284 1612 Quae
1301 1566 1405 1605 enim
1424 1565 1472 1605 de
1494 1577 1585 1617 per-

245 1687 277 1730 1)
305 1699 340 1731 p.
367 1688 480 1722 1510.
551 1686 587 1731 2)
613 1698 647 1731 p.
674 1687 874 1729 187ACE,
900 1687 1017 1721 2100.
1096 1687 1132 1730 3)
1158 1688 1352 1722 Bonitzius
1377 1700 1413 1732 p.
1439 1691 1515 1725 314.

152 1733 188 1776 4)
216 1733 396 1767 Socherus
422 1744 456 1776 p.
473 1734 540 1767 257
557 1743 611 1776 sq.
662 1733 1020 1767 Schleiermacherus
1045 1733 1085 1766 II
1109 1735 1126 1766 1
1146 1744 1181 1776 p.
1199 1735 1265 1768 325
1282 1744 1334 1777 sq.
1358 1735 1396 1768 ΙΙ
1413 1737 1433 1768 2
1451 1746 1484 1778 p.
1506 1736 1581 1769 148.

151 1778 386 1817 Brandisius,
411 1779 558 1813 Handb.
583 1778 622 1811 II
646 1789 680 1821 p.
705 1779 772 1812 208
797 1782 873 1812 not.
899 1789 930 1811 a..
981 1779 1218 1812 Steinhartus
1241 1790 1275 1822 p.
1302 1781 1357 1813 39.
1407 1780 1583 1822 Zellerus,

153 1823 248 1856 Phil.
277 1823 311 1856 d.
338 1824 399 1856 Gr.
425 1824 462 1856 II
486 1834 521 1866 p.
546 1824 612 1856 336
636 1826 710 1856 not.
738 1825 767 1856 1.
885 1824 920 1866 5)
948 1823 1305 1857 Schleiermacherus
1330 1836 1365 1868 p.
1393 1827 1458 1859 180
1483 1826 1584 1859 ‘Wie

149 1869 227 1909 fast
249 1868 303 1901 bei
323 1869 432 1908 jeder
455 1868 681 1911 Belzandluny
712 1870 807 1902 einer
836 1870 1009 1902 einzelnen
1038 1870 1154 1912 Frage
1184 1871 1219 1902 in
1250 1871 1374 1903 diesem
1407 1871 1585 1914 Gecprdch

155 1914 230 1946 eine
260 1912 524 1954 Abschweifuny
554 1913 754 1952 vorkommt,
783 1915 818 1946 in
846 1915 991 1947 welcher
1019 1916 1130 1957 yrade
1161 1915 1228 1956 auf
1252 1917 1315 1948 das
1352 1916 1484 1949 W'ahre
1515 1918 1586 1949 und

154 1958 291 1995 Rechte,
315 1959 457 1991 welches
480 1959 515 1990 in
539 1959 602 1990 der
626 1958 851 2001 Abhandlzmq
881 1959 985 1992 selbst
1009 1961 1171 2002 niryends
1194 1961 1411 2000 herum-tritt,
1438 1962 1585 1994 deutlich

150 2004 376 2045 vhinyewiesen
399 2004 505 2035 wird:
528 2013 566 2036 so
591 2005 636 2036 ist
658 2003 744 2036 auch
767 2005 802 2036 in
826 2006 890 2037 das
908 2004 1021 2037 Ganze
1036 2005 1142 2038 selbst
1164 2007 1238 2038 eine
1253 2016 1374 2048 grosse
1390 2007 1586 2040 Abschwei-

146 2049 237 2090 funy
259 2054 405 2090 gesan,
430 2049 553 2081 welche
578 2050 670 2081 diese
694 2049 946 2091 Andeutunyen
974 2050 1009 2082 in
1032 2050 1152 2083 Masse
1177 2051 1324 2091 enthdlt,
1353 2052 1416 2093 fiir
1445 2054 1501 2085 die
1524 2064 1586 2085 un-

149 2093 342 2126 mittelbare
367 2094 649 2136 Fortsclzreituny
673 2095 734 2127 des
760 2094 958 2137 Gesprdchs
986 2095 1070 2128 aber
1094 2097 1169 2128 eine
1198 2096 1317 2129 ho'chst
1345 2097 1584 2131 witlkakrlielze

156 2139 436 2181 Unterbrechuny
459 2149 500 2171 zu
523 2140 595 2171 sein
618 2139 765 2178 scheint,
792 2141 884 2173 nieht
912 2151 1200 2183 ungezwunyener
1229 2141 1486 2184 herbeiqefiihrt
1516 2144 1587 2176 und

155 2183 247 2217 nicht
278 2184 395 2217 bes-ser
418 2186 452 2217 in
476 2184 602 2217 Maass
625 2185 696 2217 und
719 2185 825 2227 Ziiyel
847 2186 1020 2228 9ehaHen,
1045 2187 1098 2219 als
1120 2187 1207 2228 jene
1236 2189 1301 2221 wol
1329 2189 1387 2220 mit
1413 2188 1521 2221 Recht
1544 2199 1585 2221 so

147 2229 233 2262 sehr
254 2230 424 2272 yetadelte
453 2231 496 2262 im
531 2230 718 2270 ΡΙιαίἀν-οε,
750 2231 805 2263 die
833 2241 941 2274 yanze
970 2231 1076 2264 Stelle
1107 2232 1246 2264 nemlz‘ch
1277 2243 1338 2266 vor
1369 2234 1432 2266 der
1461 2237 1584 2267 letzten

161 2274 405 2318 W'iderleyuny
435 2276 496 2308 des
519 2275 830 2317 Protagoreischen
854 2276 978 2316 Sazes,
1004 2287 1054 2310 wo
1079 2278 1143 2310 der
1170 2277 1398 2312 Unterschied
1418 2280 1583 2312 zwischen

154 2321 220 2352 den
246 2320 430 2363 Zdylinyen
454 2321 518 2353 der
541 2321 759 2363 Philosophie
789 2323 859 2354 und
887 2323 997 2354 denen
1025 2324 1090 2355 der
1113 2322 1279 2356 Rhetorilc
1309 2325 1379 2357 und
1408 2325 1585 2358 dhnlicher

152 2364 287 2397 Kiinste
309 2366 503 2407 yezeielznet
526 2366 622 2404 mimi,
648 2367 718 2399 und
741 2367 805 2399 das
831 2366 1013 2405 Go‘ttlz'che‚
1046 2367 1177 2400 PVahre
1202 2370 1271 2400 und
1297 2369 1381 2402 Gute
1412 2371 1446 2402 in
1469 2372 1585 2403 seiner

154 2410 462 2452 eiyenthz'imlichen,
488 2413 552 2444 der
567 2411 858 2444 Beschrdnlctheit
881 2413 949 2453 auf
965 2414 1029 2445 das
1045 2413 1268 2447 Persd‘nlz'che
1288 2425 1375 2456 yanz
1401 2420 1583 2458 entyeyen-

145 2459 310 2497 yesezten
340 2456 453 2488 Natur
487 2457 697 2490 hervortrt'tt.
757 2457 837 2490 Und
864 2468 956 2490 zwar
991 2458 1186 2491 absichtlich
1221 2459 1353 2492 scheint
1383 2462 1476 2493 diese
1509 2461 1586 2493 Ab·

152 2501 359 2543 schweifuny
382 2501 462 2534 bald
483 2513 529 2534 an
553 2503 619 2534 den
637 2502 778 2544 Anfany
800 2505 946 2544 gestent,
972 2504 1075 2536 damit
1098 2505 1300 2547 weniystens
1325 2507 1387 2538 der
1411 2507 1584 2547 aufmerk-

153 2555 244 2577 same
268 2546 380 2578 Leser
404 2548 500 2579 einen
525 2547 634 2579 hellen
657 2546 771 2579 Punkt
795 2548 897 2587 habe,
923 2550 1120 2582 ver-mittebat
1143 2550 1264 2582 descen
1289 2561 1327 2582 er
1357 2551 1429 2583 sich
1459 2553 1492 2584 iu
1517 2552 1584 2584 den

152 2591 439 2633 verschlunyenen
462 2592 658 2635 Irryd'nqen
683 2594 744 2625 des
771 2593 964 2634 Gesprdchs
995 2595 1244 2637 zurechtfinden
1269 2595 1423 2628 lubente)
1471 2596 1584 2629 Stall-

153 2634 322 2668 baumius
347 2637 437 2678 prol.
463 2647 496 2680 p.
523 2639 564 2670 10
589 2647 641 2680 sq.
668 2637 738 2670 hoe
764 2637 844 2671 loco
869 2639 1124 2682 philosophum
1147 2640 1351 2673 arbitratur
1374 2652 1499 2674 eorum
1524 2652 1583 2674 ea.-

153 2679 312 2713 lumnias
348 2682 546 2724 repulisse,
584 2682 647 2725 qui
683 2683 826 2715 crimini
863 2684 898 2715 ei
934 2684 1089 2726 dabant,
1131 2685 1228 2728 quod
1264 2686 1383 2718 missis
1422 2687 1583 2729 negotiis

155 2724 315 2767 publicis
331 2728 393 2758 uni
409 2727 662 2770 philosophiae
679 2729 850 2761 vacabat.
880 2729 1032 2762 Rectius
1051 2730 1209 2764 fortasse
1229 2731 1267 2763 C.
1289 2732 1331 2766 F.
1350 2732 1584 2765 Hermannus

0 2762 17 2816 ζ
155 2780 190 2812 p.
218 2771 262 2803 38
287 2781 331 2803 ex
355 2771 423 2804 hoc
446 2772 524 2805 loco
551 2773 685 2805 coniiei
711 2784 816 2816 posse
843 2773 950 2816 dicit,
977 2779 1155 2817 quantum
1179 2777 1295 2809 taedii
1315 2777 1466 2809 Socrate
1491 2787 1584 2810 mor-

0 2814 14 2882 ἰ
154 2818 219 2848 tuo
244 2815 392 2849 Platoni
416 2817 623 2860 respublica
648 2819 927 2852 Atheniensium
951 2820 1128 2854 attulerit.

0 2883 26 2964 Ε
224 2881 331 2906 PLAT.
358 2883 514 2908 THEAET.
1292 2880 1311 2910 3
