1748 2950
583 133 662 175 ΔΙ)Υ
685 132 1012 175 SOPmS'rAM.
1413 136 1469 179 27

108 247 354 288 diversitatis
394 247 442 286 ab
481 251 651 298 quatuor
693 247 912 298 generibus
941 246 1108 299 reliquis
1146 248 1288 299 utique
1319 247 1463 288 distin-

109 304 324 356 guendum.
399 305 630 355 Quanquam
680 305 821 342 eadem
862 316 938 354 per
976 305 1130 355 reliqua
1172 306 1303 343 omnia
1342 306 1467 344 veluti

111 362 331 400 distributa
366 365 460 407 est,
504 361 701 411 siqnidem
754 360 892 411 piures
942 373 1008 398 res
1051 374 1249 411 nunqnam
1298 361 1466 401 eaedem

110 429 203 455 esse
235 420 427 468 possunt,
465 421 510 454 ut
549 416 731 468 singulae
772 430 794 453 a
829 417 996 467 singuiis
1028 417 1194 457 differre
1225 418 1465 458 existimau-

107 473 183 512 dae
215 474 296 512 sint
324 471 474 524 (usque
505 472 554 511 ad
585 487 627 526 p.
658 471 754 511 255.
786 470 870 525 E.).

221 562 298 600 His
329 563 525 612 expositis
555 562 675 600 facile
705 566 873 614 apparet
902 562 952 600 de
982 561 1158 613 quinque
1195 563 1275 603 inis
1306 564 1466 615 generi-

106 618 182 658 bus
223 619 281 657 sic
312 630 403 656 esse
435 619 703 657 statuendum.
735 619 911 658 Motus
943 618 1125 658 diversus
1157 632 1178 657 a
1209 625 1351 659 statu
1385 625 1463 669 est,

106 676 280 725 ideoque
317 686 414 713 non
458 679 559 722 est,
599 679 794 725 quatenus
833 687 911 713 nou
944 679 1007 713 est
1038 680 1185 717 status.
1246 676 1328 715 Sed
1356 676 1465 715 idem

106 735 238 770 tamen
277 736 382 778 est,
420 732 604 781 quoniam
649 732 884 771 coniunctus
926 736 990 770 est
1036 744 1125 769 cnm
1174 736 1280 771 ente.
1360 733 1464 772 Item

106 792 241 827 motus
273 786 517 825 diversus
549 791 613 825 est
631 787 679 824 ab
708 787 1024 834 identitate,
1055 788 1228 838 ideoque
1256 800 1351 826 non
1383 793 1467 827 est

104 843 254 882 idem.
314 843 397 881 Sed
428 847 560 882 tamen
592 842 726 880 idem
756 855 872 881 esse
901 842 1136 881 iudicandus
1168 848 1255 890 est,
1296 849 1466 896 propte-

105 912 176 938 rea
206 898 311 949 qnod
342 905 507 938 naturae
535 911 633 937 suae
662 899 789 936 habet
819 899 1082 937 constantiam
1109 910 1155 936 ac
1171 912 1334 950 semper
1356 901 1464 938 idem

105 960 254 994 manet.
326 955 407 993 Per
449 968 495 994 se
524 956 648 1005 igitur
679 959 886 1005 spectatus
919 960 962 992 et
992 954 1180 992 absolute
1211 956 1370 1005 positus
1401 959 1466 993 est

105 1006 293 1050 tabro'v:
341 1011 415 1050 sed
452 1011 605 1049 relatus
646 1010 694 1048 ad
731 1011 861 1048 ideam
900 1009 982 1049 τοῦ
1025 1008 1190 1049 ταὺτοῦ
1236 1023 1342 1049 ιιοιι
1384 1015 1466 1050 est

104 1067 250 1106 idem.
310 1066 439 1105 Porro
464 1068 635 1117 siquam
659 1067 982 1105 coniunctionem
1009 1066 1180 1104 haberet
1209 1072 1342 1105 motus
1373 1079 1464 1105 cum

105 1127 236 1170 statu,
266 1135 344 1161 non
374 1123 589 1162 absurdum
621 1122 730 1161 soret
761 1122 947 1161 stabiiem
979 1134 1069 1160 eum
1097 1123 1327 1174 appellare3
1359 1123 1466 1174 quod

104 1183 240 1218 tamen
270 1179 360 1216 fieri
388 1191 467 1217 non
497 1191 619 1229 posse
650 1180 727 1217 iam
757 1184 876 1218 antea
907 1178 1226 1218 demonstratum
1256 1184 1332 1218 est.
1373 1179 1461 1217 De-

104 1235 226 1284 nique
263 1239 398 1273 motus
437 1234 575 1275 differt
612 1248 635 1274 a
672 1234 921 1274 diversitate.
990 1234 1118 1285 Igitur
1156 1240 1199 1274 et
1237 1247 1336 1274 non
1374 1239 1461 1275 est

106 1291 371 1337 diversus,
403 1296 597 1340 quatenus
627 1303 705 1330 non
736 1296 802 1330 est
833 1291 1067 1339 diversitas,
1105 1291 1144 1329 Ιι.
1186 1304 1221 1329 e.
1261 1295 1459 1342 quatenus

104 1347 198 1385 idea
226 1346 471 1386 diversitatis
502 1352 545 1386 et
573 1352 707 1386 motus
739 1349 829 1387 idea
859 1360 935 1399 per
965 1360 1012 1386 sc
1042 1348 1148 1386 inter
1176 1348 1285 1399 ipsas
1306 1348 1460 1387 discre-

104 1407 223 1454 pant;
263 1407 306 1441 et
344 1409 430 1442 est
469 1404 741 1452 diversus,
796 1409 993 1455 quatenus
1043 1404 1182 1443 differt
1229 1416 1252 1442 ιι
1299 1403 1459 1443 diverso

104 1459 273 1513 aiiisque
311 1460 541 1509 generibus.
616 1460 744 1510 igitur
782 1465 938 1508 motus,
971 1460 1013 1512 a)
1043 1466 1120 1499 est
1150 1466 1202 1500 et
1231 1473 1326 1499 non
1357 1468 1461 1507 est3

106 1510 151 1568 b)
183 1527 279 1554 uon
310 1519 391 1553 est
421 1516 554 1554 idem
585 1519 627 1554 et
657 1521 739 1554 est
767 1516 923 1565 idem3
968 1513 1009 1571 c)
1042 1529 1138 1555 non
1169 1522 1252 1555 est
1282 1516 1460 1556 diver-

103 1583 186 1609 sus
216 1575 258 1610 et
287 1575 373 1610 est
402 1571 668 1611 diversus:
701 1568 850 1625 (usque
880 1573 930 1611 ad
961 1586 1050 1624 pag.
1081 1573 1177 1613 256.
1207 1571 1291 1628 D..)

219 1649 280 1687 Ex
314 1650 378 1687 his
422 1650 681 1700 perspicuum
722 1654 811 1698 est,
851 1650 892 1688 id
922 1651 1027 1701 quod
1058 1663 1135 1690 non
1167 1656 1253 1700 est,
1293 1652 1377 1690 sive
1407 1646 1457 1693 τὸ

102 1719 164 1757 μη
197 1699 270 1752 ὅν,
301 1710 345 1743 et
373 1706 413 1744 in
442 1712 555 1744 motu
587 1719 679 1744 esse
710 1711 752 1745 et
782 1707 822 1745 in
841 1708 988 1746 ceteris
1002 1708 1220 1757 generibus
1252 1709 1459 1749 omnibns·

106 1766 300 1811 quatenus
331 1763 434 1799 euim
466 1763 513 1799 ab
544 1762 632 1800 aliis
663 1762 877 1811 differunt,
915 1763 1088 1813 ideoque
1120 1776 1198 1802 non
1228 1765 1336 1802 idem
1366 1770 1460 1805 suut

105 1822 229 1867 atque
258 1817 347 1864 illa,
377 1830 470 1855 non
501 1830 618 1856 esse
653 1819 916 1857 existimanda
945 1826 1053 1858 sunt.
1114 1819 1210 1872 (Est
1239 1822 1343 1859 enim
1365 1821 1457 1859 Pla-

106 1874 189 1910 toni
239 1885 468 1911 nouvcsse
518 1873 605 1911 sere
654 1874 759 1912 idem
813 1875 917 1925 quod
965 1877 1242 1923 communione
1291 1878 1458 1917 alicuius

109 1929 294 1966 attributi
331 1930 527 1980 privatum
563 1943 679 1976 esse,
717 1943 832 1980 quam
873 1932 1078 1985 στέρησιν
1118 1934 1336 1983 appellavit
1365 1933 1458 1971 Ari-

107 1985 303 2029 stoteles,
340 1986 460 2024 modo
499 1985 610 2023 iilum
643 1987 940 2025 meminerimus
972 1988 1120 2025 mentis
1153 1990 1338 2027 notiones
1370 1993 1457 2028 tan-

107 2052 225 2091 'quam
264 2041 373 2079 ideas
411 2054 551 2079 rexela
593 2046 733 2080 extare
769 2040 978 2096 moluisse).
1047 2043 1207 2083 Pariter
1236 2050 1369 2083 autem
1405 2040 1456 2085 τὸ

107 2093 159 2136 ὄν
200 2109 360 2147 qnoque
399 2098 581 2135 omnibus
625 2099 833 2161 proprium
873 2099 1112 2165 generibus
1132 2105 1219 2148 est,
1271 2101 1457 2151 quoniam

106 2152 195 2203 ipsa
225 2157 352 2192 eunt.
413 2153 523 2204 Ergo
562 2157 604 2192 et
643 2149 692 2193 τὸ
735 2150 786 2194 ὄν
823 2159 866 2192 et
904 2152 955 2194 τὸ
993 2150 1053 2208 μὴ
1086 2150 1139 2195 ὄιν
1170 2158 1352 2195 omnibus
1385 2170 1458 2196 no-

106 2209 282 2247 tionibus
320 2211 517 2249 conuenit
582 2210 685 2257 Quin
724 2211 846 2248 etiam
880 2211 1012 2262 ipsum
1056 2212 1163 2250 istud
1202 2226 1301 2252 non
1341 2226 1458 2254 esse

109 2264 400 2314 quodammodo
439 2278 559 2303 esse
595 2265 673 2304 dici
703 2271 862 2318 potest,
893 2272 1086 2318 qnatenus
1117 2270 1172 2315 id,
1204 2270 1311 2320 quod
1343 2275 1407 2308 est
1435 2283 1459 2310 a

107 2321 274 2370 reliquis
306 2322 528 2368 diversum„
559 2334 699 2360 revera
733 2326 820 2370 est,
850 2328 893 2362 et
915 2325 1091 2363 vicissim
1119 2325 1169 2363 id
1201 2325 1335 2375 quod
1366 2330 1461 2374 est,

110 2378 268 2426 quoties
314 2377 453 2416 differt
494 2379 541 2415 ab
582 2379 691 2443 aliis,
729 2379 852 2418 toties
882 2393 979 2419 non
1011 2385 1098 2421 est.
1159 2382 1219 2420 lta
1248 2383 1371 2432 igitur
1401 2382 1463 2430 fit,

107 2436 155 2470 nt
186 2429 234 2471 τὸ
268 2427 319 2471 ὂι
350 2438 391 2471 et
421 2448 472 2473 τυ
501 2448 561 2486 μη
584 2430 635 2472 ἅν
666 2436 874 2473 maximam
902 2436 1078 2475 habeant
1107 2439 1384 2488 cognationem
1418 2452 1464 2477 ac

108 2489 463 2529 necessitudinem.
522 2490 738 2530 Enimvero
767 2503 865 2530 non
899 2504 1022 2530 esse
1052 2506 1155 2532 nunc
1184 2507 1263 2533 non
1294 2495 1464 2533 dicimus

110 2543 316 2591 absolute,
358 2550 404 2583 nt
441 2547 644 2596 significet
683 2547 775 2584 tolli
812 2549 974 2598 penitus
1013 2549 1179 2588 alicuius
1220 2552 1281 2589 rei
1310 2552 1387 2589 vim
1418 2555 1464 2589 et

109 2603 315 2647 naturam,
356 2603 430 2639 sed
469 2602 659 2649 relative,
698 2615 777 2653 quo
816 2604 935 2643 modo
971 2605 1243 2655 significatur,
1282 2607 1362 2646 hoc
1399 2607 1465 2644 vel

109 2655 209 2694 iilud
249 2666 328 2694 non
367 2657 535 2700 eandem
575 2658 731 2698 habere
770 2664 953 2698 naturum
992 2666 1063 2700 ant.
1097 2663 1309 2712 virtutem,
1347 2672 1464 2714 quam
