1716 2970
156 109 209 152 10
672 104 1044 141 PROLEGOMENA.

153 223 334 263 Socrates
354 218 603 260 Theodorum
623 223 665 258 ut
684 229 816 257 secum
833 217 932 256 hanc
951 228 1036 256 rem
1057 216 1224 256 excutiat
1243 214 1471 255 adhortatur
1490 218 1549 253 at·

153 289 230 330 que
251 288 297 316 eo
317 281 465 316 tantum
486 273 689 327 pollicetur
710 273 1006 324 disputationem
1026 283 1070 312 se
1089 270 1367 323 perducturum
1389 280 1486 314 esse,
1507 274 1550 308 ut

151 337 411 384 cognoscatur
441 331 541 370 sitne
561 328 789 369 Theodorus
817 329 900 379 ipse
932 339 1064 367 rerum
1091 326 1413 376 geometricarum
1441 336 1549 364 men-

155 400 246 428 sura
267 399 316 426 an
337 387 500 439 quisque
530 396 652 435 aeque
682 384 846 423 idoneus
873 382 920 422 ad
948 387 1068 427 artes,
1099 381 1239 433 quibus
1266 382 1347 432 ipse
1375 377 1549 419 excellat.

154 442 266 490 Quod
303 441 533 481 Theodorus
570 440 764 479 facturum
799 450 840 478 se
880 449 964 477 esse
1002 437 1193 489 promittit
1226 436 1444 479 Socratem,
1484 435 1551 484 qui

154 509 290 538 omnes
310 504 350 537 ut
372 509 504 536 secum
525 496 767 547 disputarent
787 492 967 544 cogebat,
997 505 1084 532 cum
1106 490 1317 532 Scirrhone
1347 497 1386 530 et
1404 491 1550 530 Antaeo

154 564 397 605 comparans.
446 552 515 591 His
535 556 664 591 autem
684 551 776 589 viris
804 561 846 588 se
866 548 1047 588 Socrates
1075 547 1169 586 dicit
1189 546 1430 590 validiorem,
1459 556 1551 583 con-

157 609 278 649 fectos
299 609 402 647 enim
432 618 516 647 esse
544 606 591 645 ab
612 603 777 646 Hercule
797 604 1045 654 Theseoque,
1075 615 1117 643 se
1146 609 1274 642 autem
1302 601 1475 653 quamvis
1503 599 1551 639 ab

154 663 366 704 innumeris
386 661 616 702 Herculibus
644 667 682 700 et
702 659 862 699 Theseis
889 659 1056 709 graviter
1084 662 1285 697 contusum
1316 663 1445 696 tamen
1472 667 1550 694 non

154 720 344 760 desistere
364 717 411 757 ab
434 717 499 757 illo
520 716 744 756 certaminis
766 726 911 766 genere
924 712 963 764 ¹).

267 774 448 814 Socrates
467 773 586 823 igitur
606 771 748 822 repetit
773 781 872 822 quae
900 774 1012 808 antea
1033 768 1283 819 Protagoram
1303 767 1451 806 fecerat
1478 764 1552 804 dis·

155 835 376 882 putantem,
405 828 582 868 homines
611 826 784 878 quamvis
810 824 1001 865 sufficiant
1036 823 1083 862 ad
1115 823 1364 874 sapientiam,
1398 821 1554 860 differre

155 893 286 925 tamen
306 883 535 924 condicione
556 887 595 922 et
615 883 683 934 qui
702 893 746 921 ea
763 885 921 920 utantur
936 878 1098 919 meliore
1113 879 1306 929 sapientes
1322 888 1419 917 esse.
1442 875 1554 922 Quod

157 953 207 981 ue
240 939 412 979 videatur
439 940 522 989 ipse
552 938 747 980 statuisse,
778 937 898 976 satius
924 935 1008 974 sore
1036 938 1168 973 censet
1195 946 1242 972 ex
1268 934 1391 984 ipsius
1419 931 1555 971 Prota·

156 1007 277 1048 gorae
297 1006 478 1034 sermone
500 993 641 1033 elicere
673 993 756 1032 eius
776 1002 1023 1031 consensum.
1069 989 1304 1040 Protagoras
1324 988 1441 1038 igitur
1461 986 1557 1025 dixit

157 1051 259 1103 quod
279 1051 419 1100 cuique
441 1050 635 1093 videatur,
656 1047 694 1087 id
716 1048 751 1086 ei
772 1047 887 1086 etiam
908 1059 1006 1085 esse.
1044 1043 1165 1095 Vulgo
1186 1048 1314 1083 autem
1337 1042 1556 1081 existimant

156 1117 474 1159 unumquemque
495 1104 575 1143 aliis
597 1105 634 1142 in
664 1102 783 1142 rebus
810 1115 852 1140 se
871 1101 998 1152 ipsum
1028 1101 1170 1139 ceteris
1190 1098 1486 1150 sapientiorem,
1515 1097 1556 1135 in

154 1162 244 1202 aliis
264 1173 355 1200 vero
381 1160 476 1199 alios
495 1172 537 1199 se
557 1159 812 1210 sapientiores
827 1156 992 1200 hahere3
1014 1155 1243 1207 praesertim
1265 1154 1330 1204 qui
1350 1154 1390 1191 in
1405 1151 1556 1202 magnis

157 1222 362 1257 versantur
382 1214 583 1267 periculis,
607 1214 654 1253 ab
677 1215 721 1252 iis
741 1219 937 1263 tamquam
966 1224 987 1250 a
1008 1211 1082 1251 diis
1101 1209 1264 1249 salutem
1285 1212 1461 1259 sperant,
1491 1207 1558 1257 qui

156 1285 247 1313 eam
282 1271 355 1311 sibi
390 1272 528 1310 all'erre
562 1270 724 1321 possint.
772 1269 894 1319 Atque
928 1267 1086 1305 omnino
1119 1266 1160 1304 in
1186 1262 1367 1303 omnibus
1394 1261 1559 1312 negotiis

158 1332 432 1380 praeceptores
460 1325 655 1376 ducesque
675 1327 928 1375 quaeruntur.
979 1321 1072 1361 lnde
1100 1320 1283 1364 efficitur,
1311 1324 1354 1358 ut
1379 1318 1559 1357 homines

157 1385 234 1435 ipsi
254 1389 292 1422 et
311 1382 510 1421 scientiam
532 1386 570 1420 et
588 1380 830 1420 inscientiam
852 1388 973 1429 penes
1001 1389 1043 1416 se
1071 1387 1156 1416 esse
1174 1379 1324 1427 putent.
1374 1373 1469 1413 Cum
1490 1383 1560 1411 au-

159 1445 238 1478 tem
267 1438 467 1478 scientiam
495 1448 630 1475 verum
658 1435 880 1474 existiment
904 1431 1106 1476 iudicium,
1135 1429 1378 1469 inscientiam
1406 1426 1557 1471 salsum,

159 1494 338 1533 homines
358 1491 563 1531 dicendum
585 1492 659 1529 erit
684 1489 801 1529 modo
829 1500 919 1527 vera
948 1487 1118 1538 opinari,
1147 1485 1263 1524 modo
1290 1482 1398 1524 salsa.
1446 1481 1559 1528 Quod

159 1547 451 1589 concedendum
473 1559 565 1586 sane
586 1546 660 1585 erit
680 1546 735 1589 ei,
767 1544 831 1595 qui
860 1543 1032 1582 omnium
1055 1551 1184 1580 rerum
1212 1550 1435 1579 mensuram
1467 1536 1560 1576 dicit

160 1605 371 1643 hominem.
411 1602 451 1642 Si
471 1603 558 1653 quis
578 1601 695 1652 igitur
715 1598 899 1639 iudicium
926 1596 1119 1649 quoddam
1148 1596 1256 1640 facit,
1284 1594 1323 1633 id
1349 1594 1423 1645 ipsi
1453 1598 1560 1631 certe

159 1671 294 1699 verum
322 1663 400 1703 est,
426 1656 510 1696 aliis
539 1668 629 1695 vero
655 1654 792 1707 procul
821 1653 938 1693 dubio
967 1652 1015 1692 de
1044 1653 1127 1691 eius
1153 1650 1296 1690 iudicio
1330 1648 1421 1688 licet
1455 1647 1559 1687 serre

160 1715 343 1754 iudicium
373 1725 539 1764 eumque
565 1711 716 1763 lapsum
745 1722 828 1750 esse
856 1714 1006 1761 putare.
1058 1705 1186 1751 Quare
1214 1706 1246 1745 si
1274 1716 1400 1756 neque
1425 1703 1560 1743 Prota-

160 1782 276 1822 goras
305 1770 388 1819 ipse
416 1769 613 1807 hominem
642 1776 865 1806 mensuram
894 1775 978 1803 esse
1006 1767 1161 1814 putaret
1188 1772 1314 1812 neque
1341 1757 1559 1801 multitudo.

159 1827 260 1865 sicut
279 1836 357 1864 non
377 1828 526 1874 putant,
548 1823 694 1861 nemini
714 1832 876 1860 necesse
896 1824 955 1858 est
974 1818 1011 1857 id
1033 1829 1165 1857 verum
1187 1828 1285 1855 esse.
1315 1815 1355 1855 Si
1370 1826 1462 1853 vero
1477 1814 1562 1864 ipse

159 1880 317 1933 quidem
352 1878 515 1918 haberet
548 1889 702 1922 verum,
731 1874 934 1915 multitudo
967 1885 1046 1913 non
1074 1874 1187 1917 item,
1221 1871 1391 1922 primum
1419 1872 1563 1921 quanto

162 1935 295 1988 plures
314 1940 423 1980 sunt,
445 1932 585 1986 quibus
605 1932 641 1972 id
663 1931 833 1974 videtur,
859 1941 976 1982 quam
997 1928 1138 1980 quibus
1159 1939 1237 1966 nou
1259 1926 1426 1970 videtur,
1455 1929 1562 1963 tanto

162 1992 284 2040 magis
305 2001 381 2028 non
403 1996 479 2034 est,
511 2000 625 2039 quam
647 1994 718 2027 est.
769 1986 914 2026 Deinde
934 1985 1170 2035 Protagoras
1190 1982 1361 2033 quemvis
1390 1991 1434 2019 ea
1463 1989 1562 2029 quae

162 2051 254 2086 sunt
273 2045 424 2097 opinari
444 2050 615 2084 statuens
635 2044 717 2095 ipse
738 2053 874 2081 eorum
895 2040 1138 2091 opinionem,
1167 2038 1233 2089 qui
1262 2035 1337 2075 sibi
1365 2033 1560 2073 contraria

162 2101 336 2141 iudicent
356 2101 498 2152 quique
520 2099 674 2139 mentiri
694 2110 735 2137 se
757 2097 995 2140 existiment,
1024 2105 1155 2133 veram
1175 2103 1260 2131 esse
1281 2088 1477 2132 concedit;
1506 2086 1561 2127 illi

162 2168 256 2196 vero
277 2167 346 2195 suo
367 2167 408 2194 se
429 2156 513 2194 iure
536 2156 667 2194 errare
688 2157 842 2203 negant.
892 2150 1033 2201 Utique
1053 2149 1191 2199 igitur.
1212 2146 1404 2197 imprimis
1424 2156 1445 2183 a
1463 2143 1560 2183 Pro·

162 2218 297 2263 tagora
318 2210 564 2254 conceditur,
588 2221 676 2248 cum
704 2207 898 2247 contraria
925 2204 1117 2244 dicentem
1145 2214 1234 2241 vera
1263 2201 1393 2240 dicere
1421 2203 1562 2239 conce-

165 2268 250 2312 dat,
287 2277 412 2318 neque
447 2276 582 2304 canem
617 2275 742 2315 neque
778 2261 974 2300 hominem
1009 2257 1220 2310 quemlibet
1246 2255 1359 2295 ullius
1385 2255 1444 2294 rei
1477 2265 1562 2293 esse

165 2333 408 2365 mensuram,
438 2332 553 2370 quam
575 2331 653 2359 non
673 2318 871 2357 didicerat.
920 2315 1052 2366 ltaque
1079 2314 1220 2352 veritas
1247 2312 1350 2355 eius,
1380 2309 1563 2362 quoniam

164 2377 214 2418 ab
229 2376 409 2416 omnibus
423 2377 684 2426 impugnatur,
702 2384 827 2424 neque
843 2370 905 2411 alii
920 2372 1100 2421 cuiquam
1117 2379 1243 2420 neque
1258 2367 1332 2419 ipsi
1346 2377 1435 2405 vera
1451 2370 1510 2404 est
1518 2362 1561 2414 ²).

276 2433 452 2472 Attamen
474 2431 652 2470 Socrates
673 2430 823 2468 nescire
843 2439 884 2466 se
905 2426 1015 2470 dicit,
1043 2437 1092 2464 an
1120 2435 1197 2463 non
1225 2421 1378 2475 penitus
1403 2431 1564 2471 perspe-

167 2488 295 2528 xerint
316 2486 406 2538 quid
429 2487 660 2537 Protagoras
680 2483 856 2528 senserit,
879 2487 917 2521 at
937 2481 1030 2531 ipsis
1049 2491 1148 2532 quae
1168 2477 1241 2518 sibi
1257 2476 1457 2516 videantur
1478 2486 1564 2514 esse

166 2542 342 2583 dicenda.
391 2542 422 2582 E
442 2541 638 2581 communi
658 2546 786 2579 autem
808 2548 1002 2577 consensu
1022 2535 1097 2575 hoc
1118 2540 1177 2574 est
1195 2531 1442 2573 statuendum
1470 2528 1564 2569 alios

167 2599 254 2639 aliis
275 2609 360 2638 esse
374 2598 630 2648 sapientiores
641 2593 682 2646 ³).
715 2593 955 2645 Quamquam
969 2591 1073 2631 enim
1088 2591 1128 2629 in
1143 2589 1261 2629 meris
1275 2598 1459 2628 sensuum
1476 2597 1565 2637 per-

169 2652 415 2706 ceptionibus
428 2652 665 2704 Protagorae
682 2651 779 2690 ratio
797 2660 875 2688 non
893 2653 950 2687 est
964 2644 1232 2697 improbanda,
1247 2645 1286 2683 in
1301 2641 1421 2683 rebus
1437 2646 1566 2680 tamen

261 2776 293 2817 1)
319 2787 350 2811 c.
374 2763 459 2809 xxi
484 2770 811 2818 p.1680—169D.
880 2769 914 2809 2)
941 2765 1267 2810 p.169D-17tc.
1337 2762 1372 2806 3)
1399 2760 1566 2796 mmm.
