1748 2950
287 140 343 180 42
753 139 1167 186 PROLEGOMENA

288 252 420 302 ipsum
451 250 682 291 consentiat.
741 251 878 302 ltaque
915 251 977 292 his
1017 255 1190 305 quinque
1229 254 1443 306 generibus
1482 257 1624 308 explo-

289 305 422 349 randis
464 307 710 355 ostenditur,
750 319 938 358 quaenam
977 309 1031 347 sit
1070 310 1170 349 ratio
1201 311 1488 350 coniunctionis
1517 312 1626 352 idea·

289 374 378 403 rum
409 362 593 402 omnium.
650 363 738 412 Quo
768 363 857 401 loco
879 364 1092 405 tenendum
1114 370 1180 403 est
1212 365 1515 416 diligentissime
1546 378 1623 407 non

290 418 457 458 fortuito
499 419 553 456 ita
590 417 700 466 fleri,
742 423 786 457 ut
824 417 925 459 haec
959 420 1210 470 potissimum
1247 434 1396 472 genera
1444 422 1492 460 ad
1539 435 1626 462 rem

290 474 537 524 propositam
568 473 839 513 illustrandam
860 474 1134 523 adhibeantur,
1164 489 1383 527 quanquam
1414 477 1455 517 id
1484 478 1624 516 callido

291 529 459 579 quodam
490 529 658 567 artificio
701 529 749 568 ab
788 530 877 580 ipso
917 529 1084 569 Platone
1123 531 1403 573 dissimulatur.
1463 532 1626 573 Censuit

290 585 396 623 euim
434 584 701 636 philosophus
740 584 813 622 has
853 586 1105 635 potissimum
1141 587 1250 627 ideas
1286 589 1326 627 in
1365 588 1471 629 omni
1501 589 1625 631 diale-

290 640 391 678 ctica
430 652 521 679 esse
556 640 674 690 longe
713 640 989 689 gravissimas:
1038 642 1142 680 unde
1179 654 1247 682 eas
1286 645 1326 682 in
1365 644 1531 693 dialogis
1561 646 1624 692 iis,

291 697 358 744 qui
387 695 435 733 ad
466 696 670 735 scientiam
712 699 918 746 artemque
949 696 1196 736 dialecticam
1231 699 1400 739 maxime
1437 699 1623 740 reserun-

287 755 376 798 tur,
410 751 556 790 iterum
594 751 819 801 iterumque
859 754 1201 801 commemoravit,
1247 754 1386 793 veluti*
1409 754 1622 795 Theaetet.

319 834 328 843 .
365 805 456 844 185.
485 806 532 844 A.
564 805 786 845 Parmenid.
817 819 859 859 p.
891 807 986 846 136.
1018 808 1106 847 AB.
1164 808 1304 860 Neque
1344 811 1384 849 id
1411 811 1621 851 immerito.

285 818 388 902 Ram
419 861 546 902 omnis
575 863 782 902 notionum
813 863 1038 902 coniunctio
1062 863 1251 914 profecto
1280 866 1421 904 nititur
1449 878 1511 915 eo,
1539 867 1624 919 pri·

288 927 397 959 mum
433 921 477 956 ut
512 917 639 965 sint;
677 917 821 956 deinde
865 922 910 957 ut
948 922 1112 959 naturae
1151 932 1247 958 suae
1292 921 1464 960 habeant
1509 934 1623 964 oon·-

289 973 551 1021 stantiam,
581 985 681 1023 quae
710 973 906 1026 quietis
934 975 1124 1017 vocabulo
1155 975 1411 1027 designatum
1454 980 1538 1016 tum
1578 981 1622 1016 ut

286 1027 462 1069 habeant
489 1027 831 1077 relationem,
859 1042 960 1080 quae
989 1034 1052 1070 cst
1079 1032 1298 1071 mutatio
1329 1033 1412 1072 sive
1438 1038 1623 1080 motum

287 1083 458 1134 denique
498 1088 542 1123 ut
577 1088 620 1123 et
647 1084 754 1124 inter
793 1096 839 1123 se
878 1090 1015 1124 mutuo
1054 1085 1368 1137 discrepent
1407 1100 1453 1126 ac
1484 1101 1622 1131 rursus

287 1151 422 1177 secum
460 1139 557 1190 ipsis
597 1140 930 1187 conveniant,
967 1140 1006 1179 in
1043 1153 1122 1190 quo
1161 1143 1336 1182 cernitur
1365 1143 1621 1183 differen-

287 1195 361 1232 tia
390 1199 431 1232 et
460 1195 734 1235 identitas.
793 1195 849 1234 lta
887 1195 1009 1246 igitur
1037 1196 1145 1235 sacili
1174 1198 1336 1249 negotio
1368 1200 1622 1251 perspicitur,

285 1263 359 1288 cur
386 1250 501 1288 Plato
532 1250 603 1288 has
633 1251 884 1301 potissimum
913 1251 1024 1291 ideas
1055 1253 1271 1304 delegerit,
1305 1255 1445 1305 quibus
1474 1256 1620 1294 riman-

285 1306 347 1344 dis
386 1310 505 1356 atque
542 1306 817 1358 comparandis
853 1307 1031 1346 idearum
1067 1320 1207 1347 nexum
1246 1313 1289 1348 et
1326 1310 1622 1350 cohaerentiam

284 1361 519 1400 illustraret.
605 1363 660 1401 At
701 1373 820 1409 vero,
865 1363 1020 1414 inquis,
1070 1365 1165 1415 quid
1207 1363 1286 1403 hoc
1335 1367 1495 1405 tandem
1544 1370 1620 1415 est,

285 1418 393 1468 qnod
421 1419 552 1467 ipsum
581 1418 701 1465 illud,
731 1417 836 1468 quod
866 1431 982 1458 esse
1012 1419 1179 1468 dicitur,
1209 1421 1318 1459 inter
1345 1433 1495 1472 genera
1524 1433 1620 1461 mo-

284 1477 391 1520 tus,
432 1474 653 1523 quietis,
696 1473 1041 1514 differentiae
1072 1479 1114 1515 et
1140 1475 1442 1516 identitatis
1472 1477 1620 1529 posuit,

284 1541 404 1578 quum
434 1534 566 1568 tamen
596 1530 697 1567 haec
724 1542 858 1569 rerum
892 1530 1121 1582 praedicata
1147 1532 1385 1583 significent,
1413 1533 1512 1572 illud
1540 1545 1620 1574 non

283 1585 412 1623 item‘l
468 1584 712 1623 Consuditne
741 1586 863 1636 igitur
891 1586 1153 1639 philosophus
1173 1588 1279 1627 inter
1299 1599 1345 1626 se
1374 1600 1475 1638 quae
1500 1589 1619 1641 longe

283 1644 376 1678 sunt
406 1640 696 1679 dissimillima‘!
734 1642 794 1680 Ad
819 1654 918 1691 qnae
936 1643 1127 1682 habemus
1147 1655 1241 1681 sane
1262 1655 1363 1694 quae
1380 1655 1458 1684 uon
1477 1645 1619 1684 iniuria

286 1696 535 1747 respondere
571 1696 702 1734 liceat.
766 1697 924 1749 Quippe
961 1709 1040 1737 non
1077 1699 1154 1737 iam
1192 1698 1259 1737 hic
1295 1711 1426 1737 sermo
1466 1703 1529 1739 est
1568 1701 1620 1740 de

285 1751 442 1789 infinita
478 1751 546 1790 illa
584 1764 668 1791 ess
683 1753 843 1800 entia,
886 1766 986 1803 quae
1025 1766 1168 1806 expers
1206 1757 1269 1793 est
1297 1756 1424 1793 omnis
1452 1754 1620 1805 formae,

286 1807 450 1846 rationis
486 1811 527 1845 et
565 1807 827 1856 condicionis;
875 1810 1029 1859 qualem
1068 1810 1287 1848 informare
1330 1815 1494 1850 conatus
1532 1815 1620 1851 erat

285 1862 567 1910 Parmeniden
607 1864 680 1903 sed
720 1865 850 1914 agitur
889 1865 939 1903 de
977 1866 1150 1904 essentia
1187 1866 1320 1914 finita,
1365 1878 1466 1917 quae
1500 1868 1619 1907 sicuti

286 1931 494 1957 commune
523 1922 586 1957 est
613 1932 746 1958 rerum
769 1921 939 1958 omnium
959 1923 1244 1972 praedicatum,
1271 1922 1327 1961 ita
1357 1926 1400 1962 et
1428 1924 1513 1974 ipsa
1543 1937 1618 1975 pro

286 1975 474 2025 qualitate
505 1975 632 2025 aliqua
649 1975 831 2017 habenda
850 1981 937 2024 est;
969 1977 1223 2027 quamobrem
1246 1990 1331 2017 eam
1353 1977 1617 2030 philosophus

283 2030 322 2070 in
353 2030 590 2069 Par-menide
629 2033 787 2071 nomine
823 2032 902 2071 τοῦ
943 2028 1039 2079 ἑνὸς
1070 2029 1198 2080 ὄντος
1226 2033 1512 2084 insigniendum
1541 2048 1616 2086 pu-

283 2087 404 2134 tavit,
434 2085 484 2124 dc
514 2099 591 2137 quo
620 2099 654 2125 v.
686 2100 788 2138 quae
817 2088 1004 2139 Prolegg.
1033 2101 1074 2139 p.
1105 2089 1161 2127 90
1190 2102 1248 2139 sq.
1280 2089 1369 2129 1⁰6,
1391 2102 1476 2140 sqq.
1524 2089 1617 2130 Hoc

282 2142 407 2192 igitur
445 2143 479 2180 si
519 2147 722 2191 tenemus,
763 2143 969 2182 Platonem
1011 2157 1088 2183 non
1127 2145 1314 2184 continuo
1360 2146 1510 2184 erroris
1547 2152 1616 2185 aut

282 2198 522 2237 temeritatis
558 2199 881 2239 insimulabimus.
949 2200 1004 2238 Et
1051 2201 1251 2239 essentiae
1295 2201 1452 2251 quidem
1490 2214 1616 2253 genus

283 2252 548 2304 philosophus
579 2258 716 2293 censet
746 2268 833 2294 cnm
865 2255 1026 2305 reliquis
1048 2257 1262 2307 generibus
1286 2258 1474 2296 omnibus.
1494 2269 1615 2309 posse

281 2308 505 2347 conciliari:
534 2309 684 2349 habent
715 2312 817 2348 enim
849 2311 978 2349 omnia
998 2314 1115 2362 atque
1137 2313 1290 2363 singula
1317 2313 1408 2360 hoc,
1438 2316 1481 2355 ut
1509 2315 1616 2353 sint

281 2369 401 2415 atque
441 2377 557 2404 esse
597 2367 827 2417 possint,
866 2367 971 2416 quod
1009 2379 1087 2408 uon
1127 2370 1182 2407 ita
1218 2372 1349 2415 esset,
1389 2368 1425 2407 si
1451 2381 1499 2408 ea
1527 2382 1614 2409 es-

282 2419 433 2459 sendi
484 2420 762 2470 facultate,
807 2422 946 2461 licebit
985 2424 1089 2461 enim
1127 2424 1291 2463 barbare
1331 2424 1440 2474 loqui
1477 2425 1517 2464 in
1555 2439 1614 2473 re,

283 2489 397 2526 quam
437 2476 568 2516 Latini
606 2491 680 2516 nou
724 2482 893 2530 possunt
929 2480 1032 2530 aptis
1070 2480 1271 2519 vocabulis
1309 2478 1539 2531 designare,
1578 2483 1614 2521 si

281 2532 404 2582 igit-ur
445 2534 660 2572 essendi
699 2534 959 2573 facultate
996 2541 1195 2576 carerent.
1253 2534 1381 2584 Quum
1411 2548 1506 2576 vero
1537 2550 1613 2589 ap-

283 2592 422 2638 pareat
451 2593 600 2628 motum
623 2594 666 2628 et
696 2594 841 2628 statum
872 2591 977 2630 inter
1007 2603 1052 2630 se
1081 2592 1290 2643 oppositos
1319 2595 1360 2630 et
1390 2594 1612 2633 contrarios

284 2656 398 2692 case,
437 2648 520 2685 tum
560 2645 658 2686 illud
695 2658 853 2698 qnoque
890 2646 1008 2687 facile
1045 2647 1120 2687 iam
1159 2647 1417 2700 intelligitur,
1456 2649 1612 2702 singul·
