1742 2938
80 823 112 848 10

80 1161 112 1186 15

78 1499 112 1525 20

688 76 989 113 ΘΕΑῙΤΗΤΟΣ.
1474 78 1496 118 1
1503 77 1524 118 1
1532 77 1553 118 1

132 195 206 240 καὶ
231 198 327 252 σοί,
360 192 439 240 ε’ἀν
470 213 519 240 τε
542 192 684 254 βούλῃ
717 192 796 240 ἐάν
826 211 875 239 τε
898 213 981 252 μη,
1015 190 1228 240 ἀνεκτέον
1257 190 1352 240 ὄντι
1385 195 1552 256 μέτρω·

132 261 315 324 σῴζεται
339 262 423 320 γὰρ
450 263 498 307 ἐν
521 260 694 315 τούτοις
717 260 740 308 ὁ
764 259 893 319 λόγος
921 255 1060 315 οὗτος.
1122 281 1156 308 ω
1181 260 1238 307 σύ
1271 266 1314 308 εί
1334 281 1416 321 μεν
1441 267 1554 321 ἔχεις

134 332 177 385 ἐξ
211 328 348 389 ἀρχῆς
381 329 702 388 ἀμφισβητεῖν,
730 328 1003 388 ἀμφισβήτει
1036 328 1153 391 λόγῳ
1189 326 1552 388 ἀντιδιεξελθων,

134 403 174 445 εἰ
215 399 263 444 δὲ
305 396 359 443 δι’
393 397 651 457 ἐρωτήσεων
686 396 862 456 βούλει,
901 395 962 443 δι’
1002 397 1282 456 ἐρωτήσεων·
1325 395 1433 444 οὐδὲ
1468 397 1552 456 γὰρ

131 469 264 512 τοῦτο
288 467 526 524 φευκτέον,
552 464 663 511 ἀλλὰ
687 464 868 512 πάντων
900 464 1089 524 μάλιστα
1115 467 1326 512 διωκτέον
1359 469 1419 527 τῷ
1443 468 1555 513 νοῦν

132 539 286 592 ἔχοντι.
324 538 441 580 ποίει
464 535 613 592 μέντοι
637 533 802 580 οὑτωσί
811 546 819 554 “
844 533 904 592 μὴ
928 535 1074 580 ἀδίκει
1099 536 1148 580 ἐν
1171 537 1234 595 τῷ
1259 536 1439 592 ἐρωτᾶν.
1478 535 1552 580 καὶ
1575 545 1606 576 Ε

132 602 215 660 γὰρ
246 601 386 659 πολλὴ
418 599 574 660 ἀλογία
607 599 764 660 ἀρετῆς
803 600 1033 661 φάσκοντα
1074 604 1380 662 ἐπιμελεῖσθαι
1412 603 1556 662 μηδεν

131 668 227 715 ἀλλ’
256 666 284 727 ἢ
309 667 550 716 ἀδικοῦντα
577 672 624 716 ἐν
649 668 794 728 λόγοις
821 674 1048 716 διατελειν.
1087 669 1261 717 ἀδικεῖν
1287 669 1328 717 δ’
1360 671 1481 717 ἐστὶν
1507 673 1556 717 ἐν

131 741 191 798 τῷ
215 736 423 799 τοιούτῳ,
450 756 559 783 οταν
593 757 659 791 τις
690 738 750 797 μὴ
773 739 908 797 χωρὶς
933 758 1015 797 μεν
1050 758 1108 792 ως
1133 736 1453 797 ἀγωνιζόμενος
1477 738 1555 793 τάς

133 803 360 863 διατριβὰς
385 809 584 863 ποιῆται,
610 808 744 864 χωρὶς
770 806 818 851 δὲ
845 807 1176 865 διαλεγόμενος,
1211 809 1285 852 καὶ
1319 809 1367 852 ἐν
1389 808 1472 866 μὲν
1495 809 1557 868 τῷ

132 879 262 932 παίζῃ
294 892 342 919 τε
374 874 449 919 καὶ
489 872 665 933 σφάλλῃ
698 872 806 920 καθ’
843 891 951 920 οσον
983 872 1039 920 ἂν
1075 874 1286 932 δύνηται,
1330 878 1379 920 ἐν
1412 875 1462 921 δε
1493 877 1556 935 τῷ

132 943 419 998 διαλέγεσθαι
444 940 672 1000 σπουδάζῃ
696 961 744 988 τε
768 943 842 987 καὶ
868 944 1112 1001 επανορθοῑ
1135 942 1213 989 τὸν
1231 942 1553 1001 προσδιαλεγό-

131 1027 288 1065 ιι,ενον
323 1010 470 1055 ἐκεῖνα
501 1008 615 1068 μόνα
640 1007 760 1071 αὐτῷ
787 1009 1124 1069 ἐνδεικνύμενος
1155 1009 1209 1056 τὰ
1241 1009 1499 1070 σφάλματα,
1526 1009 1554 1056 α’

131 1075 262 1130 αὐτὸς
285 1073 364 1135 ὑφ’
396 1078 557 1122 ἑαυτοῦ
587 1079 662 1123 καὶ
693 1080 784 1123 τῶν
814 1081 1044 1138 προτέρων
1074 1082 1330 1125 συνουσιῶν
1363 1081 1553 1138 παρεκέ-

131 1158 331 1202 κρουστο.

131 1213 550 1270 προσδιατρίβοντές
591 1227 662 1259 σοι
702 1215 779 1271 τῆς
821 1212 969 1260 αὐτῶν
1010 1218 1199 1274 ταραχῆς
1236 1217 1309 1261 καὶ
1351 1214 1555 1274 ἀπορίας,

130 1276 229 1324 ἀλλ’
256 1277 308 1325 οὐ
333 1281 405 1337 σε’,
430 1282 504 1325 καὶ
530 1280 580 1326 σὲ
603 1281 685 1339 μὲν
710 1279 942 1335 διώξονται
974 1284 1048 1328 καὶ
1073 1282 1364 1342 φιλήσουσιν,
1391 1282 1555 1338 αὐτούς

132 1347 182 1393 δὲ
213 1345 452 1405 μισήσουσι
483 1349 556 1393 καὶ
590 1347 826 1406 φεύξονται
856 1347 934 1408 ἀφ’
966 1352 1138 1396 ἑαυτῶν
1172 1355 1234 1404 είς
1265 1355 1553 1410 φιλοσοφίαν,

130 1412 193 1460 ἵν’
227 1413 351 1460 ἄλλοι
383 1414 613 1475 γενόμενοι
645 1413 931 1475 ἀπαλλαγῶσι
964 1423 1054 1465 τῶν
1085 1424 1130 1464 οἳ
1162 1417 1379 1479 πρότερον
1412 1413 1551 1478 ἦσαν·

132 1482 209 1528 ἐὰν
236 1483 284 1528 δὲ
307 1480 520 1529 τάναντία
543 1482 713 1531 τούτων
750 1488 857 1546 δρᾷς
883 1484 1034 1543 ὥσπερ
1061 1490 1107 1533 οί
1128 1491 1305 1546 πολλοί,
1338 1485 1553 1534 τάναντία

129 1549 400 1608 ξυμβήσεταί
423 1565 492 1597 σοι
515 1553 589 1597 καὶ
608 1552 711 1607 τούς
731 1552 943 1608 ξυνόντας
968 1551 1068 1600 ἀντὶ
1086 1554 1349 1613 φιλοσόφων
1366 1558 1555 1614 μισοῦν-

172 1729 191 1759 ’2
231 1722 250 1760 ὁ
292 1723 401 1785 λόγος
442 1724 460 1761 ὁ
506 1725 627 1781 λέγων
667 1728 805 1773 μέτρον

126 1767 282 1805 πάντων
328 1770 429 1806 εἶναι
475 1769 541 1807 τὸν
581 1768 802 1817 ανθρωπον.

874 1733 978 1765 ’ΖΟ-ΞΒ
1004 1726 1047 1766 οὐ
1072 1743 1144 1775 γαρ
1168 1727 1269 1766 εἶναι
1293 1728 1388 1767 αὐτὸ
1413 1729 1502 1767 ἀλλ’
1528 1727 1554 1778 ἢ

873 1771 1135 1820 ὀνομάζεσθαι
1151 1773 1283 1820 μόνον

393 1141 449 1190 ἂν
473 1145 555 1203 μὲν
577 1144 663 1203 γὰρ
687 1143 802 1191 οὕτω
827 1151 980 1206 ποιῇς,
1006 1145 1190 1201 ἑαυτούς
1215 1145 1488 1193 αἰτιάσονται
1513 1151 1559 1194 οἱ

129 1817 250 1850 Schol.
268 1818 310 1850 R.

172 1875 192 1906 3
207 1868 334 1919 Zo'yqo‘
346 1875 559 1907 continua
559 1877 802 1927 oratione,

127 1929 219 1961 quae
239 1919 434 1969 opponitur
450 1914 660 1975 ε’ρωτῄσεσι.
693 1921 801 1974 Soph.

127 1964 229 1997 2170
262 1958 422 1997 τοσόνδε
457 1959 497 1997 δ’
535 1960 629 2008 ἡμῖν
644 1964 782 2018 ‚qumis

125 2004 289 2047 πότερον
307 2008 452 2048 εἴωθας
475 2003 589 2061 ἥδιον
606 2005 722 2050 αὐτὸς
758 2009 802 2044 πὶ

126 2053 269 2087 σαυτοῦ
307 2053 448 2106 μακρῷ
480 2050 577 2110 λόγῳ
614 2053 802 2097 διεξιέναι

127 2097 245 2141 λέγων
268 2098 398 2142 τοῦτο,
428 2111 447 2132 ο
474 2093 520 2132 ἂν
550 2090 806 2142 ἐνδείξασθαί

125 2154 176 2220 τΗῳ
193 2138 446 2188 βουληθῇς,
432 2139 455 2189 ἠ
475 2140 532 2178 δι’
556 2141 783 2189 ἐρωτήσεων,
790 2150 800 2167 ’

162 2199 263 2223 mm).

169 2246 190 2276 4
219 2239 310 2278 οὐδε
339 2240 411 2289 γὰρ
440 2246 554 2280 τοῦτο
582 2250 650 2280 ‘.sc
673 2244 713 2281 τὸ
744 2242 800 2281 δι’

125 2283 340 2333 ἐρωτήσεων
358 2289 554 2332 διεξιέναι.
585 2293 683 2326 conf.
699 2294 800 2326 Prot.

123 2336 227 2368 329A
245 2333 499 2379 Πρωταγόρας
523 2334 566 2370 δὲ
584 2329 685 2371 οδε’“
669 2333 802 2377 ικανός

123 2375 193 2421 μὲν
214 2381 383 2433 μακροὺς
407 2380 541 2434 λογους
565 2380 631 2416 καὶ
660 2380 801 2433 καλοὺς

123 2413 266 2466 εἰπεῖν,
301 2437 351 2464 ως
379 2420 472 2460 αὐτὸ
505 2427 639 2479 δηλοῖ,
668 2423 801 2467 ἱκανὸς

124 2465 167 2501 δὲ
183 2468 249 2502 καὶ
258 2450 484 2521 ἐρωτηθεὶς
498 2452 799 2527 ἀποκρίνασθαι

123 2524 221 2546 κατα
250 2511 373 2558 βραχυ
396 2515 462 2550 καὶ
490 2512 667 2571 ἐρόμενος
695 2529 799 2570 περι-

123 2560 255 2608 μεῖναί
276 2570 315 2592 τε
337 2559 402 2594 καὶ
426 2556 702 2604 ἀποδέξασθαι
730 2559 800 2606 τήν

124 2596 338 2645 ἀπόκρισιν.
344 2609 354 2625 ’
388 2606 548 2640 STALLB.

168 2650 187 2680 7
217 2659 267 2691 μη
272 2646 338 2683 &zv
366 2646 452 2685 αλλ’
477 2647 522 2696 ἢ,
550 2653 666 2686 nihil
691 2654 797 2694 nisi,

122 2661 267 2725 nihilq
266 2700 583 2749 praeterquam
605 2698 640 2732 h.
660 2709 694 2731 e.
717 2699 797 2732 hoe

122 2748 266 2780 unum,
290 2743 472 2775 tantum.
526 2735 551 2786 ἢ
572 2743 721 2776 videtur
743 2755 798 2777 re

122 2782 286 2817 dundare
308 2788 346 2818 et
362 2786 572 2831 plerumque
591 2788 705 2822 deest.
753 2791 794 2824 P.

919 1824 938 1854 9
962 1821 1074 1866 χωρὶς
1097 1819 1166 1865 μὲν
1190 1840 1232 1847 -—
1256 1822 1369 1866 χωρὶς
1394 1822 1449 1858 δέ.
1493 1825 1552 1857 ‘In

872 1868 1011 1901 talibus
1043 1868 1132 1901 locis
1165 1867 1277 1911 χωρὶς
1301 1880 1374 1902 non
1398 1873 1474 1902 tam
1499 1879 1552 1902 se-

873 1913 1098 1945 iunctionem
1138 1924 1245 1956 quam
1283 1915 1553 1957 oppositionem

874 1961 911 1989 et
944 1958 1198 1991 diversitatem
1234 1958 1397 1995 denotat
1432 1971 1467 1993 v.
1504 1961 1552 1993 ad

871 2002 971 2035 Prot.
991 2004 1107 2038 3363.
1114 2006 1123 2022 ’
1157 2004 1318 2040 STALLB

917 2041 1285 2144 ξιιῖιέῐιῐιῑῑτοὲ
1294 2050 1353 2127 132
1370 2050 1552 2139 3ςὲἓίςῇ

871 2141 959 2170 ante
984 2136 1255 2182 διαλεγόμενος
1285 2139 1404 2178 deest,
1441 2141 1552 2174 Hein-

872 2182 1006 2216 dorfius
1025 2188 1213 2236 comparat
1232 2185 1276 2218 de
1291 2196 1366 2228 rep.
1381 2186 1434 2218 IX
1451 2188 1550 2220 576A

870 2222 997 2261 πάντα
1011 2226 1187 2272 σχήματα
1200 2229 1412 2283 τολμῶντες
1421 2234 1550 2265 ποιεῖν

870 2268 919 2324 ιρς
958 2271 1114 2325 οἰκεῖοι,
1156 2273 1465 2319 διαπραξάμενοι
1506 2273 1550 2311 δε

872 2311 1084 2374 ἀλλότριοι;

917 2365 956 2396 11
977 2359 1016 2397 ἐν
1036 2345 1084 2398 δὲ
1098 2364 1147 2410 τῷ
1168 2362 1431 2409 διαλέγεσθαι.
1459 2367 1550 2400 Post

870 2402 912 2441 τὸ
936 2406 1006 2451 μὲν
1029 2400 1135 2443 Plato
1159 2412 1197 2443 in
1222 2411 1340 2444 altero
1372 2413 1548 2446 orationis

869 2455 1027 2487 membro
1052 2466 1163 2498 saepe
1187 2466 1320 2489 nomen
1343 2457 1463 2500 ipsum
1493 2458 1548 2490 in-

869 2498 953 2531 fert.
993 2500 1049 2533 Cf.
1073 2501 1308 2535 Heindorfius
1331 2503 1378 2534 ad
1403 2502 1547 2536 Charm.

916 2601 958 2632 15
970 2594 1132 2640 ἑαυτοὺς
1151 2598 1410 2637 αἰτιάσονται.
1404 2615 1411 2622 ·
1431 2603 1479 2638 cf.
1499 2603 1546 2635 ad

869 2655 903 2687 p
923 2646 1039 2678 15013.

914 2702 955 2734 19
980 2701 1055 2735 τῶν
1079 2700 1116 2735 οἳ
1138 2699 1332 2758 πρότερον
1346 2695 1456 2755 ἦσαν.
1503 2704 1545 2737 Ρ.

866 2743 1002 2824 {gfff
989 2743 1029 2780 ἕν
1054 2758 1095 2790 γε
1116 2751 1197 2788 τοῖς
1220 2742 1291 2783 ὅσα
1315 2743 1354 2790 ἐξ
1374 2743 1546 2791 ἀριθμοῦ

1580 1089 1644 1121 168
