1716 2970
174 168 228 210 14
690 161 1066 197 PROLEGOMENA.

174 291 356 332 nequeas.
408 277 575 318 Scientia
595 276 715 326 igitur
743 274 776 313 si
805 274 845 313 in
866 284 1048 312 sensuum
1078 271 1328 323 perceptione
1357 269 1480 321 posita
1501 274 1578 315 est,

176 347 254 375 non
276 334 396 385 magis
416 332 575 373 scientia
597 337 673 376 est,
696 341 810 380 quam
832 340 909 368 non
930 328 1091 368 scientIa
1118 325 1279 366 dicenda
1307 336 1434 377 neque
1460 324 1574 377 quid-

175 401 290 444 quam
313 394 387 435 est,
417 387 518 441 quod
540 398 616 427 non
638 392 744 426 recte
763 383 991 436 responderi
1019 382 1152 434 possit.
1203 380 1303 428 Quid
1324 379 1427 432 quod
1447 390 1577 430 neque

176 448 227 487 ita
249 457 320 485 nec
340 456 419 484 non
438 445 490 483 ita
513 443 585 482 (lici
606 445 778 493 oportet,
808 437 1120 491 quandoquidem
1147 437 1209 476 his
1238 434 1433 475 vocabulis
1453 434 1574 474 motio

177 501 336 542 tollitur.
370 500 472 539 Nova
495 499 611 548 igitur
631 496 706 536 illis
725 494 965 547 philosophis
985 492 1170 532 utendum
1191 492 1265 531 erit
1285 490 1479 535 oratione,
1500 490 1578 529 nisi·

177 557 278 597 sorte
298 556 372 595 hoc
393 555 541 594 dicant:
563 564 612 592 ne
632 551 708 591 ulla
729 550 884 601 quidem
906 549 1066 594 ratione,
1083 547 1185 600 quod
1202 552 1244 586 ut
1263 546 1411 586 infinite
1428 545 1575 585 dictum

177 611 343 652 maxime
363 611 411 649 iis
431 612 632 660 congruat.
683 606 814 646 Rebus
834 606 890 644 sic
918 616 959 643 se
987 602 1218 643 habentibus
1239 602 1420 642 Socrates
1438 601 1574 640 Prota-

178 679 296 719 gorae
316 677 395 706 non
417 663 595 705 concedit
613 672 846 714 quemquam
875 671 1009 699 rerum
1036 670 1123 698 esse
1153 668 1395 702 mensuram,
1426 657 1501 695 nisi
1526 656 1575 694 sit

177 722 351 776 prudens
372 732 498 771 neque
519 719 638 768 magis
659 717 861 756 scientiam
883 726 967 755 esse
986 714 1027 753 in
1046 711 1277 763 sensibus¹).

289 777 358 817 His
379 776 560 828 expositis
579 772 808 812 Theodorus
829 783 849 810 a
871 769 1103 822 disputando
1124 768 1273 807 desistit
1300 768 1460 818 eiusque
1487 777 1576 817 par-

180 840 238 873 tes
268 833 502 872 Theaetetus
536 840 673 869 rursus
708 827 878 878 suscipit.
930 825 1004 872 Qui
1038 834 1270 875 quamquam
1305 822 1504 862 Socratem
1540 827 1578 870 et

180 888 431 929 Theodorum
452 891 581 936 rogat,
610 890 653 923 ut
681 884 797 922 etiam
825 883 1017 921 rationem
1038 891 1190 924 eorum,
1223 879 1289 930 qui
1317 877 1444 916 omnia
1473 882 1578 915 stare

181 944 330 989 dicant,
353 942 490 982 eodem
512 940 626 979 modo
646 938 842 990 explicent
868 947 946 987 quo
966 933 1294 978 Heracliteorum,
1323 933 1503 971 Socrates
1522 936 1580 970 ta-

182 1011 271 1039 men
293 1011 335 1038 se
355 999 389 1038 ei
411 1009 488 1036 non
509 995 864 1045 obtemperaturum
886 1003 970 1031 esse
990 990 1092 1030 dicit.
1143 990 1278 1029 Vereri
1300 988 1402 1027 euim
1431 998 1474 1026 se
1502 996 1581 1024 non

181 1054 377 1095 Melissum
398 1051 552 1104 quidem
581 1050 754 1101 aliosque
774 1047 944 1087 eiusdem
971 1051 1117 1091 sectae,
1146 1044 1213 1084 sed
1241 1055 1360 1083 unum
1382 1041 1582 1081 Parmeni-

183 1110 293 1155 dem,
322 1110 388 1161 qui
416 1113 521 1147 tanta
549 1107 598 1146 sit
623 1104 767 1156 ingenii
795 1102 1014 1147 altitudine,
1045 1107 1087 1141 ut
1114 1101 1173 1139 vix
1195 1111 1294 1150 quae
1322 1097 1386 1137 ille
1414 1096 1581 1137 senserit

183 1165 336 1215 assequi
356 1164 516 1216 possint.
566 1161 729 1201 Maxime
751 1164 879 1198 autem
899 1157 1112 1197 verendum
1134 1167 1240 1199 esse,
1269 1166 1318 1193 ne
1338 1152 1513 1231 quaestio
1533 1150 1582 1190 de

184 1221 343 1260 scientia
364 1220 537 1259 instituta
558 1215 697 1255 talibus
717 1212 962 1254 sermonibus
982 1212 1136 1263 penitus
1156 1210 1342 1249 obruatur
1369 1207 1395 1258 ).

297 1275 478 1314 Socrates
499 1273 615 1323 igitur
627 1270 829 1309 Theaeteti
848 1268 956 1312 illud,
979 1266 1270 1318 perceptionem
1291 1273 1478 1303 sensuum
1499 1272 1584 1301 esse

185 1331 406 1374 scientiam,
423 1332 621 1368 retractat.
657 1325 921 1376 ‘percipimus
931 1326 956 1368 ’,
978 1322 1126 1374 inquit,
1147 1321 1247 1364 ‘res,
1268 1320 1301 1359 si
1322 1322 1522 1362 accurate,
1543 1321 1588 1356 ut

186 1398 257 1439 par
277 1391 353 1430 est,
376 1386 560 1428 dicimus,
583 1393 661 1421 non
682 1380 879 1424 sensibus,
901 1378 970 1418 sed
991 1389 1062 1430 per
1082 1388 1219 1416 sensus
1229 1373 1272 1427 ³).
1310 1375 1456 1414 Sensus
1483 1372 1591 1411 enim.

187 1446 279 1482 sunt
304 1442 562 1481 instrumenta
591 1433 972 1489 quaedam,.0.quibus
999 1433 1126 1472 omnia
1154 1431 1201 1471 ad
1238 1442 1353 1470 unam
1391 1427 1585 1480 quandam

188 1497 305 1537 animi
326 1497 400 1536 vim
423 1495 658 1534 reseruntur.
690 1490 836 1531 Deinde
855 1494 947 1529 sunt
966 1489 1141 1539 corporis
1164 1492 1202 1526 et
1220 1485 1429 1536 unicuique
1449 1493 1584 1522 eorum

190 1558 296 1592 certa
330 1550 518 1603 quaedam
545 1547 717 1588 subiecta
749 1551 838 1586 sunt
865 1556 997 1584 rerum
1030 1554 1193 1595 genera,
1227 1542 1280 1580 ita
1315 1546 1358 1579 ut
1385 1537 1487 1578 aliud
1515 1548 1588 1589 per

189 1607 304 1648 alium
326 1617 619 1658 cognoscamus.
669 1601 823 1654 Siquid
851 1601 965 1651 igitur
986 1598 1035 1638 de
1063 1596 1212 1637 duabus
1238 1595 1357 1635 rebus
1386 1594 1586 1634 sentimus.

189 1664 275 1703 fleri
294 1674 372 1702 non
394 1666 521 1714 potest
540 1671 609 1711 per
630 1670 750 1698 unum
771 1668 940 1696 sensum.
978 1654 1101 1694 Huius
1120 1652 1275 1704 generis
1295 1655 1385 1691 sunt
1412 1660 1511 1699 quae
1532 1646 1590 1685 di-

192 1720 315 1758 cimus
335 1717 394 1756 vel
415 1716 549 1756 eadem
571 1720 636 1754 aut
657 1714 805 1753 diversa
826 1723 912 1751 esse
931 1709 990 1749 vel
1014 1721 1134 1749 unum
1156 1714 1221 1747 aut
1241 1705 1351 1757 plura
1372 1704 1430 1744 vel
1451 1701 1595 1743 similia-

192 1780 258 1813 aut
277 1772 488 1813 dissimilia.
539 1771 645 1817 Quae
665 1768 783 1808 rebus
804 1768 922 1817 igitur
940 1771 1032 1806 sunt
1060 1763 1299 1806 communia,
1330 1771 1465 1800 eorum
1494 1756 1590 1797 nihil

193 1829 436 1881 assequimur
456 1838 528 1878 per
548 1837 705 1869 sensus,
735 1828 778 1863 ut
797 1821 909 1861 facile
935 1825 1120 1872 appareat
1148 1830 1264 1858 unam
1294 1821 1465 1855 mentem
1492 1824 1590 1857 esse,

193 1896 267 1937 qua
290 1896 334 1923 ea
355 1883 624 1934 concipiantur
634 1878 677 1931 ⁴¹).
708 1879 835 1925 Quare
857 1876 929 1916 alia
951 1880 1059 1920 sunt,
1090 1885 1188 1926 quae
1207 1884 1279 1924 per
1299 1882 1436 1911 sensus
1466 1869 1592 1921 perci-

194 1941 370 1993 piuntur,
400 1938 491 1984 alia,
528 1948 628 1987 quae
656 1946 765 1974 mens
793 1945 856 1973 res
882 1934 984 1971 inter
1011 1943 1053 1970 se
1082 1927 1343 1980 comparando
1378 1923 1597 1976 cognoscit..

194 1996 278 2035 Huc
306 1994 472 2040 accedit,
502 1992 603 2044 quod
632 1990 819 2031 sentimus
847 1986 961 2028 simul
988 1992 1031 2025 ut
1059 1985 1137 2025 nati
1161 1994 1315 2027 sumus,
1344 1977 1594 2031 comparandi

195 2063 287 2091 vero
310 2056 349 2089 et
368 2047 623 2089 ratiocinandi
644 2045 864 2085 facultatem
886 2042 1005 2082 multa
1022 2042 1177 2080 demum
1195 2036 1469 2079 exercitatione
1489 2044 1593 2072 asse-

197 2107 364 2157 quimur.
414 2105 493 2144 lam
516 2115 607 2142 vero
628 2102 661 2141 si
680 2101 894 2148 nescimus,
923 2099 1023 2137 sitne
1043 2094 1187 2147 aliquid
1209 2105 1257 2133 an
1278 2102 1377 2136 non,
1400 2090 1437 2129 id
1458 2099 1594 2128 verum

198 2173 282 2201 csse
311 2160 441 2199 dicere
469 2170 548 2198 non
576 2167 802 2209 possumus,
840 2152 943 2205 quod
971 2157 1097 2191 autem
1126 2150 1256 2189 dicere
1283 2158 1361 2186 non
1389 2154 1598 2197 possumus

201 2227 384 2255 verumne
404 2216 454 2254 sit
473 2224 623 2256 annon,
645 2211 684 2250 id
706 2211 807 2250 scire
827 2220 905 2248 non
926 2217 1144 2258 possumus.
1175 2203 1358 2255 Sequitur
1373 2202 1490 2252 igitur
1504 2210 1595 2238 sen-

199 2283 311 2311 suum
354 2269 666 2321 perceptionem,
702 2266 844 2317 quippe
878 2274 952 2315 qua
989 2273 1066 2301 non
1101 2270 1306 2312 possumus
1344 2265 1596 2307 cognoscere,

199 2338 292 2367 num
317 2325 407 2378 quid
428 2325 477 2364 sit
498 2322 555 2362 vel
575 2333 707 2361 verum
729 2321 795 2364 sit,
818 2329 979 2371 prorsus
1001 2316 1189 2356 diversam
1212 2326 1296 2354 esse
1318 2325 1339 2351 a
1361 2307 1596 2358 scientia’5).

312 2382 523 2432 Repertum
549 2378 666 2429 igitur
694 2387 783 2415 cum
818 2375 867 2413 sit
893 2373 1091 2412 scientiam
1122 2382 1199 2410 non
1227 2381 1312 2409 esse
1338 2368 1378 2406 in
1412 2375 1596 2405 sensuum

199 2434 527 2490 perceptionibus
550 2433 700 2473 Socrati
715 2430 863 2471 videtur
884 2434 1045 2471 restare,
1066 2432 1108 2466 ut
1128 2430 1337 2477 quaeratur
1358 2423 1398 2461 in
1419 2422 1477 2464 iis,
1499 2430 1603 2471 quae

200 2505 312 2534 mens
332 2492 410 2542 agit
428 2491 453 2530 i.
471 2503 504 2530 e.
526 2490 565 2528 in
587 2486 781 2540 opinando
792 2484 833 2537 ⁶).
866 2484 993 2530 Quare
1011 2482 1245 2522 Theaetetus
1259 2479 1386 2518 denuo
1406 2476 1454 2515 de
1474 2476 1599 2514 scien·

200 2550 254 2589 tia
273 2548 536 2598 interrogatus
555 2554 710 2583 omnem
731 2542 950 2593 opinionem
972 2538 1102 2578 dicere
1123 2548 1200 2575 non
1222 2534 1368 2575 audens
1387 2531 1603 2574 scientiam,

205 2603 308 2656 quod
329 2603 443 2643 etiam
465 2600 582 2640 falsae
602 2600 680 2639 sint
706 2598 926 2650 opiniones,
956 2605 1084 2633 veram
1113 2603 1197 2631 esse
1218 2587 1440 2640 respondet.
1489 2584 1602 2632 Quod

297 2748 330 2787 1)
357 2757 386 2781 c.
404 2744 561 2779 XXVIII
586 2753 621 2786 p.
640 2739 911 2775 18113-183D.
1003 2738 1039 2776 2)
1062 2747 1096 2779 p.
1116 2731 1389 2769 183D—184A.
1482 2726 1517 2771 3)
1544 2727 1602 2760 Cf.

206 2802 279 2825 van
301 2790 488 2824 Heusdius
510 2788 547 2822 11
571 2790 588 2820 1
641 2814 648 2822 .
665 2787 709 2819 44
732 2795 786 2827 sq.
877 2781 914 2827 4)
939 2793 970 2815 c.
995 2779 1128 2813 XXIX.
1221 2775 1256 2820 5)
1280 2787 1312 2819 p.
1333 2772 1608 2809 lem—1863-

208 2836 265 2870 Cf.
289 2846 359 2870 van
382 2833 568 2868 Heusdius
649 2833 670 2865 3
693 2841 727 2874 p.
754 2829 817 2863 156
841 2838 893 2870 sq.
982 2825 1018 2869 6)
1044 2835 1074 2858 c.
1099 2822 1211 2858 XXX.

1687 0 1716 43 33.
