1748 2944
213 109 292 152 106
773 112 1044 148 nAATsznoz

122 234 186 267 165
311 231 440 271 ΘΕΟ.
480 229 558 278 Εἰς
580 224 628 271 τὸ
653 223 802 272 κοινὸν
825 226 905 284 μὲν
922 221 1021 285 οὖν,
1045 224 1352 286 ἀποκρινέσθω
1379 229 1426 274 δὲ
1449 226 1472 274 ὁ
1496 228 1608 275 νεώ-

158 301 187 334 Β
210 304 354 351 τερος·
380 294 563 349 σφαλεὶς
586 290 668 350 γὰρ
692 286 822 350 ἦττον
844 291 1150 352 ἆσχημονήσει.

308 355 448 404 ΧΙΧ.
485 364 583 404 ΣΩ.
621 361 747 415 Λέγω
769 354 823 416 δὴ
844 359 892 405 τὸ
912 358 1162 406 δεινότατον
1181 359 1388 419 ἐρώτημα.
1427 366 1517 407 ἔστι
1540 364 1605 420 δέ,

208 425 351 484 οἶμαι,
385 423 556 470 τοιόνδε
578 436 641 470 τι·
665 418 751 483 ἆρα
774 423 871 472 οἷόν
894 444 940 471 τε
972 426 1050 472 τὸν
1084 425 1219 473 αὐτὸν
1243 427 1391 473 εἰδότα
1414 447 1454 473 τι
1477 431 1606 474 τοῦτο

207 489 232 538 ὃ
256 491 350 538 οἶδε
373 491 432 549 μὴ
457 493 644 546 εἰδέναι;
1621 510 1638 536 ⁵

310 565 439 604 ΘΕΟ.
485 563 539 603 Τι’
559 556 614 615 δὴ
637 551 720 604 οὖν
741 557 1122 617 ἀποκρινούμεθα,
1147 554 1180 605 ὦ
1207 565 1436 619 Θεαίτητε;

310 631 466 670 ΘΕΑΙ.
500 621 739 670 Ἀὂύνατόν
762 643 870 683 που,
895 626 1015 684 οἶμαι
1039 631 1185 684 ἔγωγε.

307 697 404 737 ΣΩ.
446 688 562 748 Οὔκ,
597 695 637 736 εί
658 690 705 737 τό
728 690 837 750 ὁρᾶν
868 711 917 750 γε
942 695 1203 739 ἐπίστασθαι
1233 693 1399 751 θήσεις.
1456 698 1502 739 τί
1521 693 1604 751 γὰρ

206 755 357 815 χρήσει
380 754 563 819 ἆφύκτφ
588 757 851 817 ἐρωτήματι,
884 758 932 804 τὸ
962 759 1198 818 λεγόμενον
1228 763 1277 806 έν
1298 762 1452 818 φρέατι
1477 777 1603 806 συνε-

209 822 412 882 χόμενος,
449 822 555 869 ὅταν
592 826 731 885 ἐρωτᾷ
770 822 1065 882 ἀνέκπληκτος
1103 823 1216 884 ἀνὴρ
1258 825 1517 883 καταλαβών
1549 829 1602 885 τῇ
1621 843 1653 868 10
1716 847 1723 854 ·

206 892 317 949 χειρὶ
347 895 427 936 σοῦ
457 888 534 936 τόν
566 893 716 948 ἕτερον
744 889 1005 950 ὀφθαλμόν,
1055 897 1096 938 εἰ
1125 889 1229 952 ὁρᾷς
1259 893 1307 938 τὸ
1341 892 1512 951 ἱμάτιον
1542 895 1605 954 τῷ

151 968 182 1003 C
206 958 544 1018 κατειλημμένῳ.

307 1031 464 1070 ΘΕΑΙ.
505 1023 572 1068 Οὐ
594 1022 738 1082 φήσω,
762 1024 895 1082 οἶμαι,
919 1023 1060 1086 τούτῳ
1078 1042 1142 1082 γε,
1166 1028 1226 1085 τῷ
1250 1028 1398 1083 μέντοι
1421 1028 1566 1086 ἑτέρῳ.

307 1096 404 1136 ΣΩ.
446 1089 623 1136 Οὐκοῦν
645 1088 750 1150 ὁρᾷς
775 1109 819 1136 τε
844 1092 916 1136 καὶ
939 1088 1019 1149 οὐχ
1042 1090 1148 1151 ὁρᾷς
1172 1091 1260 1149 ἅμα
1282 1090 1465 1146 ταύτόνς

307 1163 464 1203 ΘΕΑΙ.
505 1154 633 1203 Οὕτω
657 1159 708 1214 γέ
729 1175 833 1210 πως.
1621 1174 1652 1201 ιι

305 1230 403 1269 ΣΩ.
444 1221 591 1269 Οὐδὲν
614 1221 721 1280 ἐγώ,
746 1222 903 1280 φήσει,
928 1225 1053 1270 τοῦτο
1085 1222 1187 1270 οὔτε
1210 1223 1348 1269 τάττω
1380 1222 1474 1270 οὔτ’
1500 1222 1601 1282 ἠρό-

205 1308 292 1347 μην
321 1290 370 1335 τὸ
401 1288 542 1347 ὅπως,
573 1287 671 1335 ἄλλ’
698 1294 758 1346 εἰ,
784 1288 806 1335 ὃ
840 1294 1088 1349 ἐπίστασαι,
1123 1294 1251 1337 τοῦτο
1282 1293 1354 1336 καὶ
1389 1290 1471 1336 οὐκ
1505 1294 1601 1336 ἐπί-

205 1370 373 1402 στασαι.
412 1359 497 1402 νῦν
525 1356 575 1401 δὲ
600 1354 626 1401 ὃ
648 1354 729 1414 οὐχ
751 1356 877 1417 ὁρᾷς,
902 1355 1020 1414 ὁρῶν
1042 1362 1204 1415 φαίνει.
1242 1356 1527 1416 ὡμολογηκώς
1552 1357 1601 1403 δὲ

204 1421 433 1481 τυγχάνεις
457 1421 505 1468 τὸ
528 1421 637 1480 ὁρᾶν
662 1425 923 1469 ἐπίστασθαι
947 1425 1017 1469 καὶ
1050 1423 1098 1469 τὸ
1121 1424 1181 1482 μὴ
1203 1423 1314 1480 ὁρᾶν
1336 1423 1396 1481 μὴ
1421 1426 1599 1470 ἐπίστα-

205 1496 324 1534 σθαι.
363 1491 404 1543 ἐξ
428 1483 510 1535 οὖν
532 1487 701 1535 τούτων
723 1494 895 1547 λογίζου
919 1495 965 1535 τί
984 1505 1051 1536 σοι
1074 1495 1319 1548 συμβαίνει.
1616 1507 1649 1532 20

145 1569 179 1602 D
305 1562 461 1602 ΘΕΑΙ.
496 1553 622 1602 Ἀλλὰ
647 1560 865 1614 λογίζομαι
887 1554 953 1602 ὅτι
976 1555 1186 1602 τάναντία
1209 1555 1275 1610 οἷς
1297 1553 1537 1614 ὑπεθέμην.

305 1628 402 1668 ΣΩ.
428 1620 553 1674 Ἴσως
579 1623 630 1667 δέ
652 1621 711 1679 γ’,
738 1616 773 1667 (ὁ
796 1622 1038 1680 θαυμάσιε,
1063 1629 1198 1669 πλείω
1222 1620 1278 1669 ἄν
1300 1621 1462 1668 τοιαῦτ’
1492 1627 1599 1667 ἔπα-

202 1696 306 1744 θες,
332 1695 375 1734 εἰ
394 1694 458 1741 τίς
483 1704 533 1734 σε
553 1687 811 1746 προσηρῶτα
837 1693 877 1735 εἰ
900 1691 1160 1735 ἐπίστασθαι
1179 1695 1269 1735 ἔστι
1292 1690 1374 1747 μὲν
1390 1687 1482 1745 ὀξύ,
1508 1693 1597 1734 ἔστι

205 1756 252 1799 δὲ
275 1753 444 1813 ἀμβλύ,
469 1757 540 1800 καὶ
567 1753 758 1813 ἐγγύθεν
782 1755 863 1812 μὲν
882 1757 1167 1813 ἐπίστασθαι,
1192 1754 1425 1814 πόρρωθεν
1451 1756 1499 1800 δὲ
1522 1754 1597 1813 μή,

202 1822 274 1866 καὶ
298 1820 471 1879 σφόδρα
496 1823 568 1867 καὶ
592 1820 730 1880 ἠρέμα
753 1822 800 1867 τὸ
826 1820 954 1878 αὐτό,
989 1824 1061 1867 καὶ
1093 1820 1203 1867 ἄλλα
1226 1827 1386 1880 μυρία,
1419 1820 1447 1867 α’
1481 1823 1597 1867 έλλο·
1615 1839 1648 1864 2⁵

202 1891 292 1946 χῶν
314 1885 370 1934 ἂν
393 1888 674 1942 πελταστικὸς
706 1886 818 1947 ἀνὴρ
841 1887 1114 1947 μισθοφόρος
1140 1891 1187 1935 ἐν
1211 1888 1354 1946 λόγοις
1380 1887 1597 1946 ἐρόμενος,

291 2031 311 2062 6
329 2023 638 2072 ἀποκριναίμεθα
655 2030 715 2065 Ες
731 2030 869 2072 Reisig.
894 2030 936 2062 de
954 2022 1002 2063 ἂν
1018 2035 1110 2073 part.
1127 2041 1159 2072 p.
1180 2031 1260 2070 134,
1284 2024 1596 2071 ἀποκρινούμεθα

202 2073 291 2122 βΙιΙε.
381 2076 401 2106 9
418 2070 665 2117 συνεχόμενος
681 2074 799 2109 ‘21:111
813 2074 920 2115 Bkk„
946 2069 1172 2117 συσχόμενος
1188 2086 1244 2117 γρ.
1262 2075 1386 2109 21:1³5.
1483 2074 1521 2104 17
1547 2069 1594 2114 εἰ,

201 2111 238 2160 ὀ]
258 2117 299 2150 εἴ
309 2128 347 2150 τε
367 2122 414 2151 ΔΟ
433 2118 502 2151 (εἴτ
521 2121 580 2155 Δ·)
598 2117 652 2160 Π,
672 2112 742 2151 εἴτ’
760 2119 799 2152 521.
934 2117 1044 2152 τοῦτο
1060 2140 1101 2145 -
1119 2113 1317 2151 ἐπίστασαι
1333 2129 1399 2151 om.
1419 2119 1461 2150 Δ.

203 2163 243 2194 19
260 2159 325 2194 καὶ
341 2180 385 2185 —-
401 2157 632 2196 ἐπίστασθαι
648 2173 714 2195 om.
734 2161 795 2196 ΠΟ.
888 2164 929 2196 23
947 2160 1023 2196 ἔστι
1040 2159 1108 2204 μὲν
1125 2162 1214 2197 ἩΠ·
1230 2162 1337 2203 ΒΗι.,
1365 2158 1440 2194 ἔστι
1460 2158 1523 2193 καὶ
1540 2169 1572 2196 ς.

256 2284 276 2316 9
321 2276 489 2328 ἀφύκτῳ.
559 2282 716 2324 Enthyd.
755 2284 821 2315 276
836 2283 863 2315 E

199 2323 325 2360 πάντα
346 2344 389 2350 --
412 2326 570 2360 τοιαῦτα
592 2321 701 2370 ἡμεῖς
724 2323 864 2368 ἐρωτῶ-

934 2283 1010 2316 hoc
1028 2294 1141 2316 nunc
1158 2284 1288 2317 iubeo
1302 2283 1595 2331 nequeiqter-

934 2329 1159 2370 rogabam,
1178 2326 1386 2370 quomodo
1405 2322 1464 2367 (τὸ
1480 2326 1594 2366 οπως)

200 2381 271 2413 μεν
288 2365 455 2412 ἄφυκτα.
489 2372 625 2404 Humi).
655 2366 712 2404 ‘gv
730 2370 865 2412 φρέατι

202 2411 446 2458 συνέχεσθαι,
465 2417 507 2448 in
525 2420 659 2458 puteo
674 2416 864 2448 constri-

200 2463 315 2493 ctum
327 2459 866 2502 teneri,apparetdeiisco1n—

200 2504 304 2537 mode
329 2504 417 2545 dici,
443 2505 504 2547 qui
525 2505 562 2537 in
587 2514 648 2537 eas
676 2505 866 2546 angustias

200 2548 339 2582 redacti
370 2553 471 2590 sunt,
508 2552 548 2581 ut
577 2549 754 2581 extricare
784 2558 863 2581 sese

198 2604 244 2626 ex
261 2593 539 2627 difficultatibus
551 2592 650 2626 nullo
666 2592 770 2625 modo
787 2603 866 2634 pos-

200 2638 285 2671 sint.
310 2638 403 2671 conf.
427 2649 462 2680 p.
490 2636 613 2670 1740)
653 2637 865 2669 Summe-

198 2691 311 2758 innm
339 2682 395 2717 Cf.
419 2681 635 2715 Leutschius
660 2681 705 2713 ad
730 2681 863 2714 Zenob.

246 2771 286 2803 16
304 2766 430 2804 Οὐδὲν
448 2764 529 2814 ἐγώ.
561 2770 757 2803 ‘Minime
785 2779 864 2812 ego

934 2372 1045 2405 idem
1078 2372 1258 2404 videres
1289 2376 1332 2404 et
1361 2381 1441 2403 non
1471 2370 1597 2402 vide-

934 2427 1022 2457 res,
1042 2416 1115 2449 sed
1134 2419 1220 2449 etc.’
1253 2415 1551 2448 Snnnutoemcs.

978 2463 1021 2493 ⁴20
1039 2459 1278 2503 ξυμβαίνειν,
1301 2460 1530 2501 consequi.
1555 2463 1596 2491 ut

976 2551 1019 2582 26
1041 2543 1287 2586 πελταστικὸς
1314 2542 1421 2589 ἀνήρ.
1470 2547 1596 2590 Sophi-

933 2597 1010 2626 stas
1027 2593 1061 2625 h.
1082 2593 1103 2625 1.
1121 2593 1240 2626 notari
1257 2596 1421 2634 apparet.
1460 2592 1594 2624 Dicun-

934 2642 993 2670 tur
1011 2637 1143 2670 milites
1167 2636 1259 2669 levis
1282 2640 1496 2668 armaturae.
1532 2635 1596 2669 Uti

933 2682 1027 2714 enim
1049 2681 1217 2714 solebant
1240 2680 1431 2713 fallacibus
1453 2685 1489 2713 et
1511 2690 1597 2723 cap·

933 2726 1037 2758 tiosis
1071 2725 1416 2767 interrogationibus
1450 2729 1487 2757 et
1516 2734 1597 2756 ver·

934 2771 1009 2804 sari
1021 2770 1058 2802 in
1065 2770 1254 2803 verborum
1267 2769 1596 2811 disceptationibus
