1748 2950
314 161 371 201 44
776 158 1188 200 PROLEGOMENA

317 271 502 311 subtilius
541 272 706 310 rimatus
745 274 808 308 est
847 270 1199 319 Aristoteles,
1252 273 1316 322 qul
1356 283 1475 323 quum
1505 268 1556 311 τὸ
1586 269 1646 321 μὴ

317 323 370 367 ὄν
399 327 567 368 vidisset
596 327 778 376 ambigue
807 327 908 374 dici,
939 327 1158 378 simplicem
1189 329 1440 377 negationem
1472 328 1647 379 appella-

316 384 374 421 vit
400 379 649 438 ἀπόφασιν,
686 382 888 419 relativam
930 383 1134 434 στέρησιν
1173 384 1346 430 vocavit,
1387 388 1507 433 atque
1539 383 1646 421 illam

318 440 473 478 censuit
511 450 666 476 omnem
706 438 863 474 omnino
901 437 1063 476 alicuius
1104 438 1165 476 rei
1194 439 1412 477 absentiam
1444 438 1648 485 denotare,

319 493 421 532 hanc
452 498 581 533 antem
621 492 719 533 nihil
757 492 860 530 aliud
892 505 983 531 esse
1020 493 1096 532 nisi
1125 493 1287 532 alicuius
1319 494 1536 545 praedicati
1569 495 1649 544 pri-

319 550 542 595 vationem,
574 560 675 597 quae
706 547 852 597 aliquid
883 549 959 587 sibi
988 549 1211 590 subiectum
1242 549 1423 588 haberet.
1452 561 1485 587 ι’.
1515 548 1648 587 Meta·-

317 604 433 656 phys.
463 604 530 644 ΙΙΙ.
548 604 619 644 63.
639 603 688 643 al.
749 603 830 642 Sed
860 605 956 643 satis
987 604 1062 642 iam
1092 609 1272 655 apertum
1302 609 1498 656 putamus,
1529 617 1648 654 quau-

318 665 460 710 topcre
501 659 762 698 Socherus
802 660 940 698 harum
983 671 1115 700 rerum
1147 661 1428 711 perspicientia
1459 660 1647 707 caruerit,

318 720 364 753 ut
392 727 468 753 non
499 726 599 765 opus
620 716 672 752 sit
693 715 918 766 opinionem
939 715 1023 753 eius
1051 715 1232 766 longiore
1265 715 1533 767 disputatione
1555 728 1648 756 con-

317 770 464 808 futare.
522 769 748 808 Redeamus
776 771 899 820 igitur
927 782 998 817 eo,
1030 771 1144 809 unde·
1164 770 1324 809 deflexit
1353 772 1501 818 oratio,
1530 775 1649 821 atque

317 826 371 865 de
397 826 446 864 iis
476 830 737 876 exponamus,
776 838 875 876 quae
913 826 1100 864 subtilem
1138 826 1238 865 hanc
1268 826 1569 876 elegantemque
1598 826 1650 865 de

315 881 496 921 idearum
525 881 799 922 communione
827 893 872 920 ac
893 881 1188 923 necessitudine
1211 881 1518 937 disputationem
1537 881 1649 922 dein-

316 949 415 989 ceps
447 937 659 987 excipiunt.

428 1025 490 1064 Ex
518 1026 567 1064 iis
596 1025 741 1075 igitur,
770 1037 871 1076 quae
899 1026 1090 1066 hactenus
1120 1030 1214 1066 sunt
1245 1027 1451 1078 explicata,
1481 1026 1650 1076 denique

319 1082 440 1120 etiam
470 1093 634 1119 caussae
664 1086 706 1119 et
736 1082 909 1131 origines
940 1083 1089 1121 erroris
1129 1087 1248 1135 atque
1278 1083 1428 1121 fraudis
1458 1087 1650 1132 repetun-

320 1141 409 1184 tur,
439 1137 550 1174 cuius
581 1136 812 1175 facultatem
843 1136 1004 1176 Eristici
1044 1150 1090 1175 ac
1120 1137 1335 1188 sophistae
1364 1137 1543 1177 funditus
1571 1137 1649 1176 tol-

319 1192 468 1230 lebant.
526 1191 569 1230 ln
599 1205 674 1242 qua
703 1197 817 1243 parte
845 1193 981 1243 operis
999 1192 1287 1243 quodammodo
1318 1193 1579 1244 perficiuntur
1609 1197 1652 1230 et

318 1252 640 1288 consummantur
674 1260 743 1294 ea,
773 1260 873 1298 quae
901 1249 941 1287 in
970 1249 1194 1288 Theaeteto
1221 1248 1271 1286 de
1301 1249 1427 1287 salsae
1455 1248 1650 1299 opinionis

319 1305 474 1354 origiue
503 1304 543 1344 in
571 1307 779 1354 utramque
809 1307 964 1353 partem
993 1304 1265 1351 disseruntur,
1297 1309 1342 1342 nt
1369 1305 1462 1344 hinc
1492 1316 1651 1354 quoque

320 1363 534 1410 appareat,
574 1371 689 1410 quam
739 1364 849 1399 arcta
885 1360 939 1398 sit
976 1361 1184 1411 utriusque
1221 1360 1311 1398 libri
1347 1360 1573 1399 coniunctio
1610 1364 1652 1398 et

319 1415 590 1455 necessitudo.
650 1414 829 1453 Docetur
866 1419 999 1454 autem
1037 1428 1218 1457 errorem
1247 1420 1290 1455 et
1313 1415 1493 1456 fraudem
1524 1416 1564 1455 in
1591 1415 1651 1453 iu-

321 1472 436 1510 diciis
459 1483 504 1510 ac
534 1471 782 1511 sermonibus
805 1471 954 1509 nostris
975 1472 1030 1512 ita
1059 1471 1207 1510 habere
1228 1471 1370 1518 locum,
1400 1472 1434 1510 si
1453 1470 1651 1511 diversum

320 1526 506 1577 quiddam
536 1526 584 1563 ab
614 1527 682 1573 iis,
713 1538 813 1576 quae
841 1539 936 1564 vere
965 1531 1078 1575 sunt,
1116 1527 1179 1565 vel
1207 1527 1380 1566 dicamus
1409 1527 1471 1564 vel
1502 1531 1651 1564 statua·

321 1594 422 1622 mus.
476 1582 607 1631 Atque
638 1594 684 1620 ex
715 1582 788 1620 hac
818 1582 903 1632 ipsa
932 1582 1209 1622 observatione
1232 1582 1403 1632 denique
1432 1581 1652 1620 illustratur

321 1639 386 1684 id,
426 1637 531 1675 unde
569 1637 750 1675 universa
789 1637 1004 1688 disputatio
1042 1637 1227 1688 profecta
1257 1642 1356 1678 erat.
1414 1637 1651 1676 Ostenditur

320 1694 425 1733 enim
457 1693 547 1731 iude
578 1692 671 1742 quid
701 1693 890 1743 Sophista
921 1696 974 1731 sit
1002 1698 1045 1732 et
1075 1693 1271 1743 quomodo
1302 1706 1324 1731 a
1348 1705 1536 1743 germano
1567 1692 1652 1732 dif-

320 1749 429 1788 ferat
466 1748 726 1799 Philosopho.
784 1749 883 1786 Nam
915 1748 1182 1799 Philosophus
1228 1749 1418 1787 scientiae
1447 1753 1490 1786 et
1515 1748 1653 1799 cogni-

319 1805 442 1844 tionis
470 1816 564 1842 vere
595 1805 797 1854 particeps
827 1808 911 1851 est3
942 1804 1155 1855 Sophistes
1184 1809 1316 1843 autem
1346 1805 1536 1843 mentitur
1564 1809 1650 1843 tan-

320 1859 525 1900 tummodo
565 1861 743 1911 speciem
793 1861 1012 1911 sapientiae
1059 1857 1121 1911 (v.
1167 1873 1209 1910 p.
1246 1860 1345 1901 235.
1386 1861 1436 1900 A.
1473 1859 1567 1898 2⁴1.
1606 1859 1651 1898 B.

320 1915 492 1958 2⁴57.st
525 1915 572 1955 [¹3.
603 1914 696 1953 268.
728 1915 824 1965 B.);
869 1916 937 1954 ille
974 1915 1127 1954 habitat:
1168 1917 1208 1954 in
1235 1915 1446 1955 scrutanda
1474 1914 1652 1955 idearum

321 1972 476 2011 ratione
506 1975 549 2011 et
577 1975 688 2009 recta
716 1983 888 2021 veraque
918 1972 1219 2019 coniunctione,
1252 1971 1356 2022 quod
1384 1971 1497 2021 quasi
1526 1971 1652 2022 ipsius

322 2028 528 2079 proprium
559 2039 699 2065 munus
730 2031 813 2075 est;
843 2027 908 2066 hic
938 2027 1180 2066 delitescere
1209 2027 1345 2067 studet
1373 2027 1413 2065 in
1441 2038 1516 2072 eo,
1546 2026 1652 2076 quod

322 2096 400 2124 ιιοιι
431 2087 516 2130 est,
554 2088 799 2133 venaturque
836 2083 908 2121 sub
949 2084 1138 2134 sapientis
1169 2084 1305 2134 specie
1333 2086 1459 2120 artem
1490 2081 1653 2121 fallendi

321 2152 368 2177 ac
398 2138 622 2188 decipiendi
653 2139 706 2188 (v.
738 2153 774 2189 p.
809 2138 904 2176 255.
938 2138 981 2177 B.
1021 2161 1061 2166 -
1097 2139 1144 2178 Ε.
1179 2153 1217 2190 p.
1248 2138 1347 2178 25⁴.
1378 2138 1422 2176 A.
1455 2135 1543 2190 B.);
1582 2137 1652 2176 de-

322 2195 441 2244 nique
463 2194 654 2243 Sophista
684 2193 960 2232 fraudulentus
991 2198 1054 2232 est
1081 2207 1200 2232 verae
1230 2194 1447 2245 sapientiae
1465 2193 1652 2240 imitator,

323 2251 390 2299 qni
415 2250 648 2288 disserendo
679 2250 716 2287 in
750 2249 930 2287 fraudem
967 2254 1009 2288 et
1038 2263 1217 2289 errorem
1245 2249 1450 2288 audientes
1479 2248 1652 2300 pellicit3

322 2305 593 2356 Philosophus
625 2310 756 2343 autem
785 2317 878 2343 vere
907 2311 1100 2356 recteque
1131 2306 1347 2356 sapientiae
1376 2303 1508 2342 studio
1539 2304 1652 2343 dedi-

323 2366 389 2400 tus
430 2366 514 2408 est,
549 2365 594 2399 ut
628 2360 726 2401 nihil
759 2362 1021 2402 slmulationis
1059 2366 1125 2401 aut
1165 2361 1491 2402 dissimulationis
1533 2360 1574 2400 in
1603 2371 1653 2399 eo

323 2419 559 2468 reperiatur.

434 2494 494 2532 En
533 2495 680 2546 igitur,
719 2497 988 2547 percurrimus
1027 2495 1183 2535 tandem
1227 2494 1407 2545 graviora
1451 2493 1655 2534 doetrinae

324 2551 363 2591 in
395 2549 584 2600 Sophista
614 2551 783 2590 traditae
814 2554 963 2603 capita,
1004 2565 1104 2603 quae
1135 2550 1278 2602 aliquid
1310 2546 1653 2601 interpretationis

325 2606 505 2656 flagitare
534 2606 779 2648 videbantur.
838 2609 923 2657 Qua
963 2609 1048 2659 ipsa
1083 2619 1130 2645 re
1159 2606 1430 2646 confirmatum
1461 2617 1551 2646 esse
1580 2618 1654 2657 pu·

327 2666 469 2710 tamus,
500 2662 602 2716 quod
634 2667 749 2704 antea
778 2663 827 2703 dc
856 2665 980 2704 totius
1010 2664 1145 2717 operis
1174 2667 1407 2714 argumento
1437 2666 1480 2702 et
1507 2672 1655 2715 propo·
