1716 2970
654 142 1038 178 PROLEGOMENA.
1518 140 1540 182 1
1548 141 1568 182 1

139 258 382 302 salutaribus
408 265 447 299 et
466 258 699 310 perniciosis
719 257 819 298 alius
846 256 895 296 ab
917 256 993 297 alio
1015 255 1158 296 differt.
1209 256 1348 296 Itidem
1378 257 1420 295 in
1447 254 1571 296 rebus

143 316 323 357 civilibus
344 327 444 368 quae
464 315 597 354 civitas
619 314 668 353 de
688 314 911 360 honestate,
934 314 984 353 de
1004 314 1169 357 iustitia,
1194 311 1242 352 de
1263 314 1409 364 pietate
1430 313 1567 358 sancit,

142 386 190 414 ea
212 374 327 413 etiam
348 376 439 412 sunt
457 383 594 412 revera
616 372 828 423 unicuique
849 382 978 422 neque
998 371 1039 409 in
1060 369 1120 410 his
1141 368 1201 408 vel
1222 370 1396 420 privatus
1416 369 1569 420 privato

143 429 204 470 vel
220 430 354 469 civitas
368 427 522 468 civitate
538 432 598 467 est
613 428 847 480 sapientior:
871 426 939 467 ubi
959 438 1053 466 vero
1065 425 1383 466 constituendum
1397 430 1456 464 est
1473 425 1568 477 quid

145 486 288 527 civitati
308 484 520 530 conducat,
553 483 646 535 quid
675 496 774 530 non,
803 485 906 524 inter
937 495 1025 529 eos,
1051 484 1119 536 qui
1149 482 1308 535 publice
1340 481 1486 534 aliquid
1509 481 1571 522 vel

144 542 309 583 suadent
330 540 389 580 vel
411 541 651 585 dissuadent,
670 539 835 580 multum
852 541 1017 580 interest
1036 551 1165 591 neque
1181 540 1390 591 quisquam
1412 538 1567 584 dixerit,
1611 535 1614 538 ’

143 609 400 652 quaecunque
422 598 556 637 civitas
576 596 685 636 utilia
706 597 781 636 sibi
802 598 1029 637 existimans
1049 597 1250 641 statuerit,
1281 608 1325 635 ea
1349 596 1511 634 omnino
1533 596 1570 634 ei

142 654 365 708 profutura.
414 653 470 693 De
490 653 612 693 rebus
642 655 746 693 enim
775 654 886 693 iustis
916 658 954 692 et
983 654 1153 699 iniustis,
1183 654 1330 692 sanctis
1358 657 1397 691 et
1425 651 1568 703 impiis,

140 723 233 751 cum
265 710 364 750 nihil
392 711 471 750 sint
499 722 570 763 per
599 722 669 756 se,
691 722 951 762 quaecunque
982 709 1042 749 vel
1068 708 1232 760 singulis
1261 709 1321 749 vel
1349 707 1570 748 civitatibus

142 767 316 819 placent,
340 778 385 807 ea
405 767 501 818 ipsis
521 779 613 806 vera
635 772 743 813 sunt,
766 766 924 818 quando
956 771 993 805 et
1014 765 1202 818 quamdiu
1229 765 1400 818 placent.
1441 766 1569 817 Atque

143 824 248 864 hunc
270 823 354 862 fere
373 824 415 862 in
436 823 598 863 modum
618 824 647 862 ii
668 835 826 875 quoque
847 822 1194 875 philosophantur,
1219 823 1286 873 qui
1305 833 1387 862 non
1408 822 1570 862 omnino

141 879 434 933 amplectuntur
454 880 693 931 Protagorae
714 880 906 919 rationem
919 877 961 931 ¹).

255 936 327 976 Hic
349 936 532 976 Socrates
551 941 716 988 repente
737 947 962 975 sermonem
990 935 1234 987 abrumpens
1265 947 1353 975 sese
1381 935 1499 974 sentit
1520 933 1569 973 ab

140 992 219 1032 alio
241 992 397 1032 dicendi
417 998 650 1043 argumento
673 991 720 1032 ad
743 992 846 1031 aliud
870 991 1074 1044 delapsum
1098 1004 1198 1031 esse.
1251 990 1364 1036 Quod
1386 990 1570 1030 Theodo-

140 1061 208 1088 rus
228 1054 436 1100 postquam
453 1048 550 1088 dixit
570 1050 622 1088 ita
645 1049 796 1088 factum
818 1060 915 1094 esse,
939 1048 1042 1101 quod
1066 1049 1180 1087 otiosi
1202 1053 1345 1093 essent,
1364 1048 1569 1088 Socrates:

141 1104 443 1151 ‘animadverti',
459 1106 599 1157 inquit,
615 1108 698 1144 ‘eos
712 1107 835 1157 quiin
851 1105 1099 1157 philosophia
1117 1104 1284 1144 multum
1299 1111 1459 1156 tempus
1476 1115 1570 1144 con-

138 1162 399 1213 sumpserint,
421 1163 462 1200 in
484 1161 627 1202 iudicia
648 1162 838 1202 adductos
859 1161 1049 1201 ridiculos
1070 1162 1239 1213 reperiri
1260 1167 1453 1201 oratores.
1504 1161 1571 1200 Vi-

143 1218 288 1258 dentur
317 1219 422 1257 enim
450 1219 515 1270 qui
539 1230 559 1257 a
591 1219 724 1269 pueris
744 1220 785 1257 in
813 1219 900 1257 foro
922 1223 1028 1263 sunt,
1053 1217 1269 1263 serviliter,
1301 1218 1368 1269 qui
1396 1216 1569 1268 philoso-

139 1274 256 1326 phiae
278 1286 321 1313 se
341 1274 552 1319 dederunt,
575 1274 791 1314 liberaliter
812 1275 967 1314 educati
989 1286 1088 1314 esse.
1130 1275 1180 1315 Ut
1201 1275 1306 1314 enim
1329 1273 1568 1325 philosophi,

140 1342 230 1369 cum
252 1342 409 1381 semper
430 1330 610 1370 fruantur
631 1332 731 1377 otio,
765 1332 844 1371 sive
865 1330 1057 1382 prolixius
1077 1331 1158 1370 sive
1182 1330 1339 1370 brevius
1366 1330 1414 1370 de
1447 1329 1569 1370 rebus

141 1386 386 1437 quibuslibet
407 1386 627 1439 disputant,
652 1388 708 1426 sic
730 1393 866 1427 contra
888 1394 1066 1427 oratores
1086 1389 1277 1439 temporis
1298 1387 1488 1439 angustiis
1508 1389 1568 1426 in-

141 1442 241 1482 clusi
261 1447 412 1482 tantum
435 1455 535 1494 quae
552 1443 601 1483 ad
623 1455 780 1483 causam
797 1444 1022 1496 pertineant
1042 1445 1342 1489 contionantur;
1366 1444 1570 1483 contiones

139 1505 272 1545 autem
294 1510 452 1549 semper
479 1499 675 1539 habentur
704 1513 777 1552 pro
809 1512 1000 1540 conservo
1021 1505 1060 1540 et
1088 1512 1222 1540 coram
1251 1500 1411 1539 domino
1438 1500 1569 1539 iudice

141 1561 180 1595 et
200 1567 318 1607 saepe
339 1556 416 1594 vita
431 1556 513 1607 ipsa
530 1555 787 1607 periclitatur.
820 1555 903 1601 Qua
920 1557 1116 1596 servitutis
1138 1557 1424 1596 consuetudine
1439 1557 1569 1596 omnis

140 1623 188 1650 ex
208 1612 338 1651 animo
360 1623 498 1651 eorum
521 1614 705 1652 eximitur
726 1612 942 1653 liberalitas
964 1619 1003 1653 et
1029 1614 1252 1664 ingenuitas
1282 1620 1318 1652 et
1339 1613 1387 1652 ad
1409 1613 1568 1652 fraudes

141 1674 180 1707 et
200 1668 402 1707 mendacia
426 1668 639 1720 confugere
661 1671 786 1709 coacti
808 1675 1117 1722 corrumpuntur
1139 1682 1184 1709 ac
1206 1670 1490 1721 depravantur,
1514 1670 1569 1709 ita

140 1729 185 1764 ut
219 1723 268 1763 de
298 1725 418 1764 animi
444 1726 607 1766 sanitate
636 1726 715 1765 sint
743 1726 960 1772 deturbati,
999 1739 1087 1766 cum
1124 1731 1333 1766 evaserunt
1368 1727 1459 1772 viri,
1494 1727 1569 1778 ipsi

138 1780 300 1833 quidem
321 1793 511 1833 perquam
531 1783 758 1832 ingeniosos
780 1790 818 1822 et
839 1789 1015 1823 versutos
1036 1795 1077 1822 se
1100 1781 1450 1835 existimantes'2).

255 1837 413 1888 eLonge
434 1837 508 1878 alia
530 1840 629 1878 ratio
650 1851 836 1879 verorum
867 1838 1190 1890 philosophorum
1214 1845 1286 1879 est.
1318 1839 1567 1890 Loquuntur,

141 1898 185 1932 ut
203 1893 252 1932 iis
272 1892 420 1944 placet,
452 1906 580 1946 neque
609 1896 814 1947 quisquam
844 1897 893 1936 iis
921 1896 1143 1947 praefectus
1172 1894 1283 1948 est3).
1335 1896 1413 1935 Res
1434 1895 1568 1936 civiles

143 1949 246 1987 enim
269 1960 348 1987 non
370 1956 521 1994 curant,
543 1951 715 1991 honores
735 1964 815 1990 non
836 1958 993 2003 petunt,
1016 1954 1173 2002 generis
1195 1952 1437 1992 nobilitatem
1458 1954 1567 2004 parvi

143 2003 312 2050 faciunt,
336 2003 502 2044 aliorum
523 2018 589 2046 res
610 2007 843 2047 domesticas
863 2021 1026 2060 prorsus
1043 2010 1236 2059 ignorant.
1269 2009 1446 2059 Corpore
1461 2010 1567 2048 enim

142 2066 295 2100 tantum
316 2062 357 2099 in
380 2062 534 2101 civitate
556 2062 716 2109 adsunt,
747 2069 879 2103 mente
909 2077 999 2104 vero
1020 2064 1084 2104 illa
1109 2066 1239 2104 omnia
1269 2070 1569 2104 contemnentes

141 2118 364 2156 universam
399 2130 532 2157 rerum
569 2125 749 2159 naturam
785 2119 1041 2172 perlustrant.
1091 2121 1259 2172 Propter
1294 2121 1396 2161 hanc
1430 2133 1567 2161 rerum

140 2173 460 2225 quotidianarum
481 2175 675 2215 inscitiam
696 2176 810 2227 vulgo
832 2183 923 2216 sunt
944 2177 1136 2223 ludibrio,
1167 2184 1209 2216 ut
1229 2177 1452 2224 Thaletem,
1476 2190 1566 2218 cum

142 2228 272 2268 stellas
293 2229 505 2270 observans
524 2232 564 2270 in
585 2238 748 2284 puteum
770 2233 992 2279 incidisset,
1015 2234 1183 2273 Thracia
1205 2234 1395 2285 quaedam
1425 2233 1566 2274 ancilla

143 2286 239 2326 scita
260 2287 395 2326 risisse
417 2287 580 2333 dicitur,
611 2289 717 2341 quod
738 2289 921 2329 coelestia
943 2290 1100 2341 quidem
1123 2296 1288 2343 cuperet
1310 2292 1564 2341 cognoscere,

139 2354 241 2394 quae
262 2354 355 2382 vero
377 2348 467 2382 ante
487 2344 610 2396 pedes
632 2347 756 2397 posita
778 2351 909 2386 essent
928 2348 1142 2398 ignoraret.
1181 2347 1331 2386 Revera
1354 2349 1457 2386 enim
1480 2347 1566 2398 phi-

141 2397 328 2451 losophus
348 2399 593 2451 singulorum
626 2401 830 2442 hominum
858 2415 939 2442 non
968 2404 1124 2453 attingit
1151 2404 1329 2455 negotia,
1367 2404 1435 2443 sed
1466 2416 1565 2455 quae

141 2455 191 2494 sit
211 2454 381 2496 hominis
402 2462 541 2496 natura
562 2464 834 2509 perscrutatur
856 2459 1029 2512 quidque
1050 2461 1086 2499 ei
1107 2461 1328 2500 conveniat.
1369 2459 1472 2500 Talis
1494 2461 1566 2511 igi-

141 2515 206 2550 tur
226 2511 293 2551 ubi
312 2513 351 2551 in
372 2512 573 2563 publicum
593 2515 726 2566 prodit
747 2520 862 2568 atque
891 2516 940 2555 de
969 2515 1089 2556 rebus
1109 2517 1213 2556 tritis
1233 2517 1408 2563 disserit,
1441 2518 1565 2556 risum

142 2573 271 2609 movet
298 2567 413 2619 vulgo
447 2574 563 2622 atque
603 2570 760 2617 turbae,
798 2573 860 2611 cui
890 2572 1042 2612 videtur
1072 2573 1251 2625 stupidus
1281 2585 1378 2613 esse.
1429 2573 1566 2624 Neque

143 2623 247 2663 enim
277 2626 460 2676 cuiquam
489 2631 618 2678 potest
647 2627 902 2675 maledicere,
939 2630 1085 2682 quippe
1114 2631 1178 2669 cui
1204 2629 1296 2669 talia
1331 2642 1449 2669 curae
1486 2641 1564 2668 non

142 2679 240 2724 sint;
263 2679 426 2721 aliorum
449 2694 542 2722 vero
563 2684 792 2724 iactationes
817 2698 906 2725 cum
928 2686 1010 2725 risu
1040 2687 1225 2738 excipiat,
1255 2692 1425 2737 nugator
1446 2685 1565 2725 habe-

142 2739 226 2780 tur;
247 2742 503 2789 tyrannorum
526 2741 631 2779 enim
661 2747 698 2780 et
720 2753 859 2793 regum
879 2744 1094 2793 potentiam
1117 2755 1240 2795 aeque
1262 2742 1428 2793 despicit
1449 2747 1566 2794 atque

235 2859 267 2901 1)
295 2871 328 2903 p.
355 2861 628 2897 1710-17213.
723 2864 758 2905 2)
783 2875 819 2907 p.
846 2865 1121 2900 nec-17:313.
1215 2866 1250 2907 3)
1276 2876 1307 2901 e.
1333 2865 1472 2899 xxm.
