1716 2970
662 126 1046 162 PROLEGOMENA.
1526 126 1581 167 19

148 245 226 297 cipi
244 248 388 296 potest.
438 242 615 283 Primum
645 241 748 281 enim
779 241 905 280 oratio
927 247 1006 287 est,
1036 251 1111 291 qua
1142 241 1310 291 cogitata
1333 242 1578 292 aperiuntur.

148 301 226 341 Sed
248 301 432 353 quoniam
454 299 573 339 homo
594 298 759 351 quisque
786 297 871 338 fere
903 297 996 350 quid
1019 297 1067 337 de
1089 308 1244 349 quaque
1270 309 1315 336 re
1336 298 1479 337 sentiat
1499 296 1580 337 elo-

148 358 215 410 qui
244 362 391 410 potest,
422 355 496 395 hac
525 355 632 394 vocis
660 355 988 406 interpretatione
1017 352 1168 394 tollitur
1202 365 1320 393 omne
1350 353 1578 400 discrimen,
1632 403 1647 410 ,

148 413 253 467 quod
273 414 377 453 inter
396 412 601 452 scientiam
623 416 662 451 et
682 423 814 451 veram
836 411 1067 462 opinionem
1087 409 1300 450 intercedit
1312 407 1354 461 ¹).

260 468 409 510 Deinde
429 464 538 522 μετὰ
560 465 699 519 λόγου
720 468 942 519 significare
957 471 1107 519 potest:
1130 467 1181 506 ita
1203 471 1246 506 ut
1262 471 1387 506 totum
1406 466 1577 506 elemen-

148 527 216 571 tis,
238 525 380 579 quibus
400 530 572 570 constat,
595 523 878 577 percensendis
899 523 1137 576 explicetur,
1169 522 1274 563 velut
1302 535 1392 563 cum
1421 523 1508 576 quis
1530 522 1578 563 de

148 594 268 623 curru
293 583 563 634 interrogatus
592 580 766 632 singulas
795 581 880 621 eius
914 586 1048 633 partes
1077 585 1285 620 enumerat
1321 579 1382 619 vel
1410 592 1500 619 cum
1529 580 1579 619 de

148 639 319 680 Socratis
341 639 501 678 nomine
529 643 691 689 rogatus
713 636 887 688 singulas
908 638 992 677 eius
1012 636 1163 677 litteras
1192 642 1231 676 et
1251 635 1419 689 syllabas
1439 648 1578 676 recen-

147 700 220 735 set.
252 695 329 735 Sed
351 695 528 748 quamvis
549 695 636 746 quis
657 693 878 734 litterarum
900 694 1079 733 notitiam
1101 693 1263 738 habeat,
1288 698 1419 734 tamen
1440 694 1479 732 in
1500 692 1576 745 syl-

146 751 245 792 labis
266 751 491 803 digerendis
511 750 572 790 vel
592 751 632 790 in
654 749 852 790 vocabulis
873 749 1093 790 scribendis
1115 762 1250 789 errare
1272 756 1415 801 potest.
1464 749 1576 797 Quod

147 809 213 861 qui
234 808 326 848 facit
346 820 428 848 non
450 813 508 847 est
528 808 678 852 sciens,
702 818 940 858 quamquam
962 806 1249 846 elementorum
1272 818 1418 858 gnarus
1439 805 1579 846 scribit

148 870 187 905 et
206 871 315 905 recte
337 866 532 917 opinatur.
584 862 715 909 Quare
735 868 884 902 rectam
907 863 1135 915 opinionem
1167 875 1259 903 cum
1289 862 1577 903 elementorum

148 923 446 962 enumeratione
467 921 719 960 coniunctam
741 919 916 959 nondum
938 918 1074 958 licebit
1094 918 1296 970 appellare
1318 920 1521 959 scientiam
1532 918 1575 971 ²).

259 977 395 1018 Restat
416 978 530 1017 tertia
551 977 672 1022 ratio,
695 988 771 1028 qua
791 975 887 1016 illud
909 970 1044 1028 λόγος
1064 977 1275 1028 accipiunt.
1314 977 1450 1016 Potest
1471 977 1576 1015 enim

147 1033 353 1086 explicatio
375 1046 461 1074 esse
482 1038 685 1078 notarum,
712 1031 854 1084 quibus
882 1045 948 1072 res
969 1045 1151 1085 quaeque
1179 1045 1201 1073 a
1223 1034 1365 1073 ceteris
1394 1033 1579 1073 omnibus

147 1090 313 1130 differat.
365 1090 442 1131 Sed
463 1091 515 1130 ita
536 1091 569 1129 si
590 1090 776 1135 dicimus,
808 1090 1010 1141 sequitur,
1042 1095 1085 1129 ut
1114 1090 1180 1142 qui
1207 1089 1409 1129 hominem
1439 1101 1578 1142 quern-

146 1147 252 1200 piam
273 1146 398 1199 probe
420 1148 593 1192 noverit,
615 1147 691 1186 nisi
711 1152 824 1186 notas
846 1158 986 1186 omnes
1006 1151 1234 1198 perspectas
1255 1146 1410 1192 habeat,
1434 1145 1578 1198 quibus

147 1215 167 1243 a
196 1202 358 1255 reliquis
387 1203 654 1248 discernatur,
687 1215 776 1242 eum
806 1202 923 1256 plane
952 1215 1032 1242 non
1062 1205 1234 1249 noverit,
1262 1203 1302 1242 id
1334 1203 1438 1256 quod
1469 1208 1577 1243 certe

146 1271 264 1300 nemo
287 1261 363 1299 erit
383 1260 450 1311 qui
466 1260 667 1300 concedat.
700 1258 799 1299 Nam
815 1271 906 1299 cum
923 1265 1030 1299 recta
1047 1260 1232 1311 opinione
1249 1258 1396 1312 ubique
1413 1271 1578 1300 necesse

148 1321 206 1356 est
227 1317 477 1357 coniunctam
499 1328 584 1356 esse
605 1320 800 1361 notarum,
824 1315 965 1368 quihus
985 1327 1051 1355 res
1065 1316 1366 1367 distinguantur,
1384 1317 1575 1356 notitiam.

146 1372 297 1413 Deinde
326 1373 358 1413 si
386 1372 590 1412 sciendum
619 1371 733 1412 nobis
762 1377 821 1412 est
856 1372 1054 1425 quomodo
1084 1384 1150 1412 res
1176 1373 1282 1412 inter
1311 1385 1353 1413 se
1381 1373 1576 1419 differant,

148 1429 310 1470 scientia
333 1434 393 1468 est
412 1435 521 1470 recta
542 1429 677 1481 opinio
698 1441 789 1468 cum
810 1430 974 1469 scientia
996 1430 1226 1479 coniuncta⁷
1257 1441 1334 1481 qua
1356 1429 1579 1482 explicandi

145 1486 298 1526 ratione
319 1485 417 1525 nibil
438 1497 532 1525 sane
555 1484 774 1537 explicatur
785 1482 828 1536 3).

258 1541 329 1581 His
356 1542 542 1582 scientiae
571 1541 864 1581 definitionibus
894 1542 1105 1596 confutatis
1137 1542 1322 1582 Socrates
1351 1542 1578 1593 disputandi

145 1597 264 1638 finem
286 1598 378 1638 facit
399 1600 530 1649 magni
558 1610 644 1638 esse
674 1598 824 1638 ducens
852 1610 952 1650 quae
985 1599 1212 1638 nesciantur
1241 1599 1333 1638 sciri
1362 1611 1442 1638 non
1472 1598 1577 1638 arbi-

146 1655 254 1694 trari.
309 1654 392 1694 Sibi
414 1667 507 1694 vero
529 1656 582 1694 ait
612 1667 718 1694 nunc
747 1655 785 1693 in
814 1656 1013 1707 porticum
1041 1656 1191 1707 regiam
1214 1654 1440 1695 abeundum
1471 1668 1577 1700 esse;

147 1722 234 1750 cras
255 1723 370 1751 mane
391 1718 522 1751 autem
544 1711 790 1763 pergendum
813 1724 900 1751 esse
910 1710 952 1763 4).

222 1866 314 1916 ΙΠ.
368 1867 447 1916 De
482 1884 662 1917 scaena
699 1868 892 1934 dialogi
929 1876 977 1918 et
1014 1869 1075 1918 de
1110 1876 1358 1935 tempore,
1397 1887 1499 1935 quo
1565 1933 1580 1948 ι

552 1946 756 1996 habitus
792 1964 896 1996 esse
931 1948 1158 2013 fingitur.

261 2057 443 2098 Socrates
465 2064 504 2098 et
520 2058 752 2099 Theodorus
769 2059 1007 2112 Cyrenaicus
1026 2062 1067 2100 in
1090 2060 1220 2113 aliquo
1241 2062 1444 2113 gymnasio
1458 2062 1577 2102 Athe-

146 2112 312 2166 niensi5)
336 2114 498 2155 fortuito
520 2117 750 2155 convenisse
770 2117 985 2168 finguntur.
1018 2116 1180 2158 Videtur
1202 2119 1307 2158 enim
1329 2117 1575 2164 Theodorus,

148 2182 224 2222 quo
245 2175 426 2223 tempore
446 2171 510 2211 hic
532 2183 663 2212 sermo
684 2172 841 2212 habitus
864 2179 940 2219 est,
971 2174 1133 2214 Athenis
1155 2179 1259 2214 artes
1279 2174 1577 2215 mathematicas

146 2228 280 2278 pueris
308 2227 528 2268 tradidisse.
578 2229 693 2269 Hunc
722 2230 843 2280 igitur
871 2230 1054 2270 Socrates
1083 2231 1131 2270 de
1163 2229 1472 2271 adolescentium
1494 2233 1577 2271 eius

146 2282 300 2324 scholas
328 2283 663 2337 frequentantium
692 2285 824 2325 indole
861 2286 1131 2339 interrogavit.
1182 2287 1418 2328 Theodorus
1446 2294 1577 2328 autem

145 2351 241 2391 prae
263 2341 405 2381 ceteris
426 2341 607 2382 omnibus
628 2341 760 2382 laudat
775 2342 1035 2384 Theaetetum
1058 2343 1362 2384 adolescentem.
1396 2343 1578 2390 Quicum

144 2396 230 2447 ipse
256 2402 448 2448 protenus
478 2410 567 2438 cum
597 2399 731 2438 amicis
759 2398 958 2440 nonnullis
987 2401 1174 2447 intraret,
1206 2401 1390 2441 Socrates
1418 2414 1507 2441 cum
1530 2415 1577 2442 eo

147 2451 318 2505 colloqui
338 2455 477 2506 coepit.
509 2455 639 2494 Finito
661 2460 790 2495 autem
820 2454 1016 2508 colloquio
1038 2458 1282 2510 gymnasium
1305 2457 1512 2510 relinquit,
1536 2464 1578 2498 ut

145 2509 184 2548 in
206 2510 402 2561 porticum
422 2512 572 2562 regiam
593 2512 668 2550 iret
679 2509 722 2562 6).

260 2565 315 2605 De
332 2572 521 2619 tempore,
541 2580 618 2619 quo
636 2566 744 2608 Plato
763 2567 962 2620 dialogum
980 2569 1160 2610 habitum
1178 2582 1263 2611 esse
1280 2570 1413 2621 fingat,
1433 2570 1577 2621 ambigi

146 2632 225 2660 non
246 2627 387 2673 potest.
427 2623 470 2663 In
492 2623 737 2677 prooemio⁷)
758 2626 862 2665 enim
880 2625 1062 2667 Euclides
1079 2626 1294 2674 Socratem,
1312 2626 1445 2680 paullo
1468 2633 1576 2666 ante-

239 2753 272 2797 1)
297 2766 330 2798 p.
357 2757 562 2791 2060—13.
657 2757 692 2802 2)
719 2770 748 2792 c.
774 2759 878 2793 XLII
901 2771 933 2803 p.
962 2761 1242 2795 206E-208B.
1338 2761 1372 2802 3)
1398 2771 1427 2792 c.
1452 2760 1576 2795 XLIII

145 2810 183 2887 ξ).
207 2800 485 2888 {081q2—C21013.
596 2803 632 2847 4)
659 2815 693 2847 p.
718 2805 876 2839 2100D.
989 2807 1025 2847 5)
1050 2817 1084 2849 p.
1111 2807 1226 2842 144C.
1334 2807 1369 2848 c)
1395 2817 1429 2849 p.
1454 2807 1576 2840 2101).

1256 2906 1303 2940 2*
