1716 2970
140 111 192 154 12
658 103 1034 141 PROLEGOMENA.

139 222 430 263 latifundiorum
450 229 705 273 possessores,
750 215 793 256 In
817 216 970 267 generis
991 220 1118 254 autem
1148 210 1344 251 nobilitate
1369 215 1407 250 et
1430 214 1538 249 vetu-

139 285 236 319 state
256 277 415 329 gloriari
442 274 572 328 pusilli
599 273 715 313 animi
736 283 819 312 esse
840 272 875 310 ei
902 270 1070 314 videtur;
1092 279 1216 319 genus
1235 267 1338 306 enim
1358 264 1540 318 quodque

140 334 330 385 repetitur
351 332 399 371 ab
421 331 590 374 homine,
613 330 678 380 qui
699 339 801 367 unus
820 331 903 365 erat
924 325 971 365 de
987 324 1117 364 multis
1129 324 1168 373 ¹).
1201 323 1242 362 Si
1263 322 1349 373 quis
1365 331 1455 359 vero
1476 331 1538 359 re-

140 389 242 429 lictis
261 387 337 428 illis
357 386 631 427 controversiis
653 381 875 434 vulgaribus
903 393 949 420 eo
970 378 1245 432 philosophum
1265 381 1469 429 sequatur,
1497 381 1543 414 ut

142 456 241 495 quae
275 444 442 483 iustitiae
476 447 512 481 et
544 440 755 480 iniustitiae
785 438 834 477 sit
860 442 998 476 natura
1028 445 1218 485 quaerere
1251 433 1445 476 instituat,
1481 428 1540 469 vel

141 500 269 540 missis
290 498 368 537 illis
395 498 443 537 de
463 495 703 547 singulorum
731 493 933 532 hominum
963 490 1144 530 felicitate
1171 486 1419 539 opinionibus
1447 496 1540 525 con-

142 555 420 594 siderationem
446 551 622 592 intendat
649 552 688 588 in
716 550 840 599 ipsam
871 547 1079 585 humanam
1107 544 1330 584 felicitatem
1360 548 1398 582 et
1425 542 1541 580 mise-

141 611 257 655 riam,
286 610 381 648 risui
410 613 469 648 est
491 606 672 646 omnibus
695 604 833 643 harum
863 614 996 642 rerum
1023 601 1175 652 peritis,
1205 606 1247 638 ut
1274 597 1492 650 philosophi
1521 608 1542 633 a

141 665 257 715 vulgo
278 665 468 703 ridentur.
516 661 654 701 Stolidi
675 661 776 699 enim
798 669 891 697 sane
911 656 1109 700 videntur,
1139 666 1227 694 cum
1249 664 1449 693 servorum
1472 652 1543 691 mi-

144 722 313 760 nisteriis
341 720 577 770 funguntur,
606 728 704 768 quae
741 725 832 753 vero
859 713 1056 752 hominem
1086 710 1225 749 decent
1251 708 1438 751 liberum,
1469 706 1546 746 illis

144 788 260 815 nemo
281 774 419 815 melius
440 773 532 812 obit.
565 773 612 811 Et
633 776 738 810 certe
758 772 788 809 si
811 767 1031 821 philosophi
1053 765 1234 805 omnibus
1254 775 1296 804 se
1317 762 1543 815 probarent,

143 832 231 884 plus
254 831 357 882 pacis
378 829 613 868 haberemus
635 839 679 865 ac
700 826 828 864 minus
850 820 1115 873 malorum'2).

256 885 348 925 ‘Sed
367 885 465 924 mala
485 896 506 922 e
527 883 646 922 rebus
661 881 839 920 humanis
860 889 1057 929 nunquam
1076 875 1158 916 tolli
1174 880 1348 927 possunt,
1366 873 1545 925 quoniam

146 941 291 994 aliquid
325 940 429 980 bono
464 939 702 978 contrarium
732 937 780 975 sit
806 945 966 974 necesse
994 938 1072 978 est,
1109 931 1157 972 ad
1188 930 1282 970 deos
1310 935 1439 969 tamen
1468 939 1547 967 non

145 997 357 1051 pertinent.
388 994 650 1042 Quamobrem
672 991 872 1031 nitendum
894 995 973 1034 est,
1003 993 1046 1027 ut
1066 999 1181 1038 quam
1202 986 1386 1025 citissime
1407 996 1454 1022 ex
1473 982 1547 1021 hac

145 1061 252 1093 terra
274 1053 502 1102 effugiamus
523 1050 571 1089 ad
592 1048 706 1088 deum
727 1050 875 1099 ipsum,
896 1045 972 1084 hoc
992 1049 1051 1083 est
1069 1049 1113 1082 ut
1133 1042 1206 1081 deo
1226 1052 1340 1093 quam
1362 1037 1547 1078 simillimi

146 1109 231 1148 fieri
261 1118 462 1147 conemur.
512 1105 569 1145 Ad
597 1104 659 1143 dei
688 1108 814 1142 autem
839 1098 1131 1140 similitudinem
1158 1098 1211 1136 ita
1239 1095 1478 1138 accedimus,
1506 1099 1550 1131 ut

147 1164 332 1203 iustitiam
354 1168 392 1202 et
411 1163 594 1214 pietatem
617 1158 790 1198 colamus
811 1168 899 1196 cum
921 1155 1127 1206 sapientia,
1158 1163 1236 1191 non
1258 1153 1328 1195 ita,
1357 1156 1400 1189 ut
1426 1149 1548 1188 bono—

147 1231 235 1259 rum
258 1220 428 1257 virorum
448 1228 542 1268 prae
563 1214 676 1254 nobis
696 1214 865 1252 feramus
886 1211 1067 1262 speciem.
1100 1208 1170 1247 Est
1190 1207 1292 1246 enim
1313 1205 1408 1244 deus
1424 1204 1551 1243 iustis-

149 1275 294 1319 simus,
324 1279 367 1313 ut
387 1284 501 1311 nemo
523 1272 597 1311 nisi
625 1269 860 1309 iustissimus
882 1268 916 1306 ei
938 1264 1072 1304 similis
1100 1265 1159 1302 sit.
1210 1262 1290 1301 Hac
1311 1261 1428 1310 igitur
1448 1260 1487 1298 in
1508 1270 1552 1297 re

149 1331 273 1381 posita
296 1333 355 1368 est
374 1340 464 1367 vera
486 1328 626 1369 virtus,
656 1335 787 1363 rerum
810 1334 900 1362 vero
921 1320 1088 1360 civilium
1116 1318 1356 1367 aliarumque
1383 1314 1556 1364 cognitio

150 1385 334 1438 quiddam
356 1382 500 1422 humile
522 1387 560 1420 et
579 1380 737 1431 vulgare
763 1378 928 1417 videtur.
980 1376 1111 1426 ltaque
1139 1384 1373 1425 quamquam
1401 1371 1466 1421 qui
1491 1369 1557 1408 his

150 1440 297 1481 artibus
336 1439 515 1478 instructi
543 1442 651 1480 sunt,
687 1434 763 1475 sibi
796 1435 938 1472 mirum
974 1435 1158 1482 quantum
1193 1438 1331 1479 sapere
1364 1426 1552 1468 videntur,

152 1502 283 1536 tamen
305 1506 441 1534 revera
462 1493 675 1544 desipiunt;
699 1491 879 1541 ignorant
907 1487 1008 1526 enim
1030 1486 1192 1524 iniustos
1213 1493 1374 1521 manere
1395 1491 1553 1531 poenas,

152 1563 248 1603 quas
270 1550 440 1600 effugere
458 1560 536 1587 non
558 1547 720 1599 possint.
752 1546 782 1583 Α
804 1544 931 1582 divino
954 1542 1075 1585 enim,
1098 1538 1201 1591 quod
1222 1549 1341 1577 unum
1362 1546 1553 1575 summam

152 1606 265 1646 affert
285 1604 583 1647 beatitudinem,
606 1602 864 1641 desciscentes
884 1598 930 1638 ad
953 1597 1010 1642 id,
1039 1595 1144 1647 quod
1173 1594 1292 1634 divini
1319 1597 1377 1632 est
1401 1596 1554 1631 contra-

153 1664 254 1701 rium
282 1661 449 1710 ideoque
477 1659 739 1698 miserrimum
771 1666 915 1706 poenas
943 1654 995 1692 ita
1022 1651 1218 1703 pendunt,
1257 1653 1301 1688 ut
1327 1646 1418 1687 mali
1445 1644 1558 1685 malis

154 1717 347 1757 laborent.
398 1715 502 1754 Haec
523 1718 653 1753 autem
673 1711 748 1756 illi,
778 1710 843 1760 qui
873 1708 1032 1748 callidos
1061 1713 1098 1746 et
1124 1709 1301 1745 versutos
1329 1714 1371 1741 se
1398 1700 1554 1743 hahent.

155 1774 261 1824 quasi
283 1771 331 1811 ab
353 1769 627 1821 insipientibus
647 1766 879 1819 quibusdam
901 1764 1000 1803 dicta
1021 1763 1118 1806 sint,
1141 1760 1308 1799 audient.
1348 1758 1477 1797 Unum
1500 1762 1554 1794 ta·

155 1840 244 1868 men
266 1826 341 1866 illis
362 1837 435 1866 usu
465 1825 591 1868 venit,
621 1829 681 1868 ut,
711 1834 798 1861 cum
819 1821 913 1871 ipsis
940 1820 1037 1858 ratio
1065 1814 1263 1857 reddenda
1291 1815 1339 1854 sit
1367 1812 1561 1864 opinionis

155 1895 273 1927 suae.
303 1882 430 1921 omnis
458 1893 594 1920 eorum
625 1878 812 1930 sapientia
842 1879 1063 1917 evanescat,
1092 1874 1143 1911 ita
1170 1877 1213 1910 ut
1241 1882 1263 1910 a
1296 1869 1429 1921 pueris
1463 1865 1558 1906 nihil

157 1939 359 1978 videantur
386 1936 574 1976 differre?
608 1935 712 1974 Haec
745 1933 862 1983 igitur
890 1931 1070 1970 Socrates
1095 1927 1206 1979 quasi
1241 1924 1482 1977 praeteriens
1510 1921 1560 1960 de

157 1993 480 2046 philosophorum
502 1997 540 2031 et
559 1991 762 2029 rhetorum
784 1987 1009 2027 discrimine
1020 1983 1065 2034 3).

271 2049 452 2088 Socrates
481 2047 527 2086 ad
550 2045 795 2097 propositum
821 2043 1047 2084 revertitur,
1077 2051 1098 2078 a
1126 2048 1202 2089 quo
1222 2034 1480 2075 declinaverat
1499 2043 1558 2076 eo,

161 2105 262 2156 quod
284 2105 435 2143 dixerat
455 2103 706 2151 Protagoram
729 2109 892 2148 eosque,
923 2097 988 2147 qui
1017 2094 1064 2134 ab
1086 2105 1133 2132 eo
1154 2090 1320 2144 profecti
1340 2090 1435 2133 sint,
1463 2086 1559 2126 illud

160 2165 267 2200 certe
287 2171 365 2198 non
386 2169 550 2198 ausuros
571 2167 655 2196 esse
676 2155 888 2196 affirmare,
910 2160 1163 2203 quaecunque
1183 2147 1325 2190 civitas,
1347 2155 1434 2183 cum
1455 2141 1562 2182 utilia

160 2215 235 2255 sibi
255 2227 299 2254 ea
334 2214 419 2253 sore
456 2212 747 2255 existimaverit,
792 2207 942 2259 legibus
979 2204 1168 2247 sanxerit,
1205 2214 1247 2241 ea
1285 2202 1398 2240 etiam
1433 2200 1562 2238 l'utura

161 2282 317 2322 semper
337 2269 456 2308 utilia.
489 2268 613 2318 Saepe
635 2266 738 2304 enim
759 2265 819 2308 fit,
849 2269 892 2302 ut
912 2273 1010 2313 quae
1030 2259 1234 2311 profutura
1257 2267 1343 2295 esse
1365 2259 1561 2305 putentur,

162 2339 249 2366 cum
285 2325 391 2376 leges
419 2324 579 2367 dentur,
610 2332 745 2361 revera
774 2324 905 2371 postea
933 2328 1012 2356 non
1040 2316 1129 2354 sint.
1178 2315 1303 2363 Atque
1330 2322 1413 2349 rem
1442 2310 1494 2348 ita
1521 2320 1563 2347 se

161 2381 328 2426 habere,
358 2380 500 2420 clarius
528 2390 575 2418 ex
595 2378 676 2429 ipsa
697 2377 854 2414 notione
876 2375 978 2417 eius,
1007 2369 1109 2423 quod
1131 2367 1227 2409 utile
1247 2365 1482 2418 appellatur,
1504 2364 1564 2402 in-

162 2436 294 2488 tellegi
314 2440 453 2488 potest.
492 2434 589 2474 Nam
611 2431 797 2483 quidquid
819 2428 911 2469 utile
933 2433 1010 2472 est,
1031 2425 1069 2465 id
1091 2426 1207 2464 etiam
1228 2422 1276 2462 ad
1298 2421 1484 2473 temporis
1504 2419 1564 2457 fu-

163 2494 240 2533 turi
273 2493 444 2532 rationes
473 2489 655 2529 refertur.
701 2486 758 2525 Ad
787 2497 883 2537 quas
910 2485 1012 2534 ipsas
1039 2482 1154 2521 etiam
1182 2479 1316 2519 civitas
1346 2477 1388 2515 in
1415 2474 1567 2526 legibus

163 2546 353 2589 faciendis
372 2550 533 2598 spectat.
565 2544 645 2583 lam
667 2554 759 2582 vero
779 2542 811 2580 si
833 2540 949 2579 homo
975 2548 1108 2577 rerum
1138 2541 1197 2575 est
1215 2543 1419 2575 mensura,
1450 2531 1565 2570 etiam

165 2604 214 2644 de
234 2602 353 2643 rebus
374 2602 514 2642 suturis
535 2601 571 2639 ei
589 2597 836 2639 iudicandum
859 2601 928 2635 est.
967 2594 1015 2633 At
1036 2592 1139 2632 enim
1160 2589 1273 2629 facile
1295 2593 1354 2628 est
1375 2587 1421 2626 ad
1443 2587 1567 2625 anim-

166 2658 444 2699 advertendum
474 2668 563 2701 eos,
599 2655 665 2707 qui
693 2664 825 2693 rerum
860 2650 1028 2691 habeant
1054 2647 1405 2694 scientiamatque
1440 2652 1568 2683 usum,

255 2779 486 2825 1)c.xxw.
561 2772 941 2821 2)p.173c-176A.
1018 2760 1568 2813 3)e.xxv1>.17‹;ss—1·170.
