1748 2950
0 2853 21 2950 R‘ssrlm'l
7 2795 20 2827 ξι]
12 2775 14 2777 v

627 95 698 137 Al>
737 92 1072 137 SoPmSTAM.
1472 96 1529 137 35

159 210 281 259 tum,'
313 214 360 250 ut
397 210 465 262 qui
502 209 553 250 de
592 210 686 250 ente
717 212 760 249 et
788 219 893 248 nou·
912 211 1009 248 ente
1039 205 1284 256 dissereret‚
1329 207 1364 248 is
1394 219 1524 261 paene

159 278 238 307 non
278 271 420 320 posset
467 267 561 318 quin
610 267 729 306 etiam
770 265 822 305 de
860 265 1013 304 erroris
1060 264 1298 316 fraudisque
1342 266 1524 316 periculo

157 324 283 363 verba
311 323 481 363 faceret.
541 322 679 374 ltaque
720 321 796 360 hac
833 334 932 361 usus
971 322 1279 374 opportunitate
1310 322 1432 361 etiam
1459 323 1522 361 in-

158 380 294 420 dolem
351 385 394 419 et
442 383 623 418 naturam
673 378 957 431 Sophistarum
1005 377 1246 417 adumbrare
1295 379 1521 426 constituit,

159 449 258 488 quos
299 436 635 487 quasi'quosdam
676 438 911 487 argutarum
951 434 1138 474 fraudum
1167 437 1381 474 venatores
1427 445 1522 474 esse

158 492 512 532 animadvertebat.
580 491 738 544 Nempe
783 492 838 532 ita
878 491 1001 530 vitam
1037 491 1316 543 rationemque
1364 503 1520 541 eorum,

159 551 226 600 qui
258 554 459 601 perpetuo
489 549 529 587 in
562 561 626 597 ee,
659 547 763 600 quod
795 560 875 587 non
905 551 989 596 est,
1020 549 1214 596 viverent,
1245 547 1371 587 veluti
1401 560 1424 587 e
1452 561 1521 587 re-

159 607 278 658 gione
307 606 445 656 posuit
473 605 536 654 iis,
567 605 635 656 qui
664 609 828 644 aeterna
857 605 1031 644 veritate
1051 604 1295 658 exquirenda
1315 608 1518 657 perpetuo

158 663 344 714 occupat-i
374 666 524 709 essent,
556 667 598 700 et
628 663 721 701 dum
751 662 794 702 id
824 660 928 712 ‘luod
959 665 1029 701 est
1055 661 1229 712 explicat
1259 667 1302 701 et
1323 661 1518 710 illustrat,

158 731 297 758 eorum
338 719 552 769 imaginem
594 718 644 757 ob
681 718 822 759 oculos
857 718 1017 770 posuit,
1058 717 1127 770 qui
1165 718 1410 758 contrarium
1441 730 1516 771 po·

155 776 237 814 tius
277 779 459 815 amarent
499 779 543 814 et
581 778 849 814 sectarentur.
909 774 1126 814 Enimvero
1165 773 1273 826 quod
1311 775 1353 814 in
1389 774 1518 827 pluri·

156 832 233 871 mis
263 832 426 883 scriptis
456 831 634 870 Platonis
665 830 1030 878 animadvertimus,
1050 831 1197 869 solere
1225 830 1517 883 philosophum

157 900 248 927 eum
276 888 481 927 interioris
513 888 732 939 sapientiae
761 887 1007 938 argumentis
1029 886 1221 938 copulare
1239 887 1361 926 etiam
1380 898 1516 927 earum

157 957 295 984 rerum
331 945 667 992 illustrationem,
700 955 801 994 quae
831 943 1040 995 pertinent
1069 944 1120 982 ad
1150 943 1277 994 ipsam
1308 942 1514 984 hominum

156 1001 300 1049 vitam,
340 1013 418 1052 quo
454 1000 654 1040 illustrior
683 1000 922 1050 suaviorque
962 999 1031 1039 fiat
1059 1000 1148 1052 ipsa
1166 995 1402 1052 ‘sapientiae
1432 1000 1514 1039 dis-

158 1057 326 1109 cipliua3
362 1057 472 1096 idem
510 1058 631 1097 etiam
671 1057 711 1095 in
741 1056 937 1108 Sophista
978 1060 1066 1095 arte
1097 1068 1265 1112 prorsus
1297 1056 1427 1096 diviua
1457 1057 1516 1096 sie

156 1115 205 1153 ab
237 1126 286 1153 eo
316 1114 544 1153 institutum
582 1126 677 1152 esse
707 1113 938 1164 intelligere
968 1111 1077 1153 licet.
1139 1111 1333 1154 Solebant
1364 1112 1514 1166 Sophi-

157 1174 266 1218 stae,
298 1171 365 1222 qui
394 1171 507 1222 quasi
537 1171 677 1210 simiae
706 1170 863 1221 quidam
894 1181 1082 1208 verorum
1113 1169 1353 1221 sapientium
1385 1173 1516 1217 erant,

155 1231 290 1266 tamen
322 1239 344 1264 a
373 1227 628 1265 multitudine
666 1227 856 1278 imperita
893 1225 998 1266 malo
1030 1238 1171 1266 errore
1202 1236 1292 1267 cum
1322 1226 1386 1267 his
1419 1239 1514 1267 eon-

155 1282 293 1331 fundi3
334 1283 520 1322 solebant
558 1284 658 1322 item
697 1295 838 1321 errore
874 1282 1075 1321 simillimo
1128 1282 1214 1321 veri
1254 1285 1514 1334 germanique

155 1340 230 1378 viri
269 1340 430 1388 civiles,
471 1340 538 1391 qni
576 1339 673 1390 quid
705 1351 802 1378 vere
839 1339 1087 1391 reipublicae
1129 1338 1347 1388 prodesset
1385 1340 1515 1391 probe

156 1401 418 1448 perspectum
449 1396 659 1444 haberent,
692 1405 768 1434 non
790 1396 982 1446 distingui
1014 1396 1063 1434 ab
1094 1395 1157 1442 iis,
1187 1396 1255 1447 qui
1285 1397 1403 1437 istam
1434 1396 1513 1435 vir-

154 1456 285 1491 tutem
317 1454 594 1492 mentirentur.
657 1452 760 1502 Quid
800 1452 924 1502 igitur
964 1451 1260 1504 philosophus,
1301 1465 1422 1503 quum
1462 1452 1514 1492 de

154 1509 334 1548 idearum
376 1509 585 1560 disciplina
634 1509 766 1560 deque
806 1508 959 1547 fraudis
1008 1512 1051 1547 et
1099 1508 1250 1547 erroris
1294 1509 1514 1561 originibus

155 1566 342 1605 subtilius
382 1566 583 1618 explicare
620 1566 662 1604 in
699 1565 871 1603 animum
903 1564 1158 1604 induxisset?
1215 1565 1413 1606 Nimirum
1446 1578 1514 1604 ea·

155 1621 247 1661 dem
283 1623 359 1661 hac
396 1635 494 1661 usus
534 1621 735 1661 scribendi
780 1622 1084 1673 opportunitate
1124 1622 1316 1661 continuo
1361 1621 1516 1663 bellum

120 1708 123 1713 .
154 1679 297 1719 indixit
327 1678 558 1732 Sophistis,
598 1677 878 1726 Rhetoribus,
907 1677 1175 1729 Demagogis,
1221 1678 1395 1730 denique
1425 1680 1514 1732 opi-

155 1736 258 1774 natis
298 1736 388 1774 istis
428 1735 676 1787 sapientibus
707 1735 916 1782 omnibus,
958 1735 1025 1786 qui
1053 1735 1095 1773 in
1123 1735 1212 1787 ipsa
1240 1735 1428 1787 publicae
1456 1736 1514 1775 vi-

156 1795 223 1830 tae
262 1792 352 1830 luce
390 1791 541 1831 vellent
585 1804 677 1830 esse
708 1792 914 1844 conspicui
945 1796 987 1831 et
1015 1794 1151 1831 tamen
1182 1791 1245 1831 vel
1277 1804 1419 1831 errore
1450 1793 1516 1832 vel

155 1848 284 1887 malae
314 1848 467 1887 fraudis
507 1848 641 1887 studio
682 1849 940 1887 ducerentur.
998 1847 1106 1886 Hine
1140 1847 1265 1899 igitur
1294 1849 1334 1888 in
1366 1847 1515 1901 Sophi-

157 1908 241 1952 sta,
277 1904 318 1943 in
357 1916 436 1955 quo
475 1904 579 1943 libro
623 1905 878 1955 gravissimas
907 1907 951 1943 et
981 1904 1303 1944 abstrusissimas
1333 1917 1402 1944 res
1433 1910 1516 1946 tra-

156 1965 267 2001 ctare
295 1961 493 2009 instituit,
523 1960 634 1999 felici
664 1973 760 1999 sane
790 1961 953 1999 delectu
982 1959 1196 2012 Sophistas
1228 1962 1443 2012 exagitavit
1474 1967 1517 2000 et

155 2029 274 2068 quam
311 2018 340 2056 ii
379 2030 401 2056 a
442 2029 536 2056 vera
576 2016 835 2068 philosophia
878 2021 1017 2055 essent
1055 2017 1174 2056 alieni
1214 2017 1515 2058 demonstravit.

156 2073 275 2124 Quod
313 2074 476 2124 quidem
513 2073 618 2112 fecit
655 2073 776 2125 longe
817 2073 1129 2124 elegantissime.
1201 2073 1302 2114 Nam
1341 2075 1516 2128 primum

157 2131 247 2168 eum
283 2129 359 2168 hac
389 2131 651 2181 quaestione,
691 2143 831 2181 quam,
873 2130 952 2167 etsi
984 2133 1049 2168 est
1077 2130 1336 2180 secundaria,
1381 2135 1516 2171 tamen

156 2190 408 2238 propterea,
440 2187 543 2237 quod
577 2187 764 2226 similiter
795 2185 845 2224 de
873 2185 1058 2225 Politicis
1100 2191 1189 2225 erat
1218 2188 1514 2240 disputaturus,

156 2243 386 2295 primariam
416 2256 508 2282 esse
538 2243 724 2292 simulat,
755 2242 967 2295 aptissime
1002 2242 1204 2295 copulavit
1234 2249 1515 2295 argumentum

156 2299 251 2338 libri
281 2300 536 2350 primariumt
577 2300 685 2350 quod
716 2298 915 2350 quomodo
946 2298 1114 2348 fecerit,
1158 2312 1206 2339 ex
1236 2302 1516 2351 superioribus

158 2355 309 2394 clarum
341 2360 405 2394 est
435 2369 479 2394 ac
510 2357 781 2408 perspicuum.
840 2355 997 2395 Deinde
1020 2355 1302 2407 Sophistarum
1335 2358 1516 2397 exhibuit

158 2411 411 2450 definitiones
454 2424 545 2460 eas,
595 2425 696 2464 quae
737 2411 882 2463 plenae
925 2416 1064 2451 essent
1100 2412 1261 2464 lepidae
1301 2414 1516 2462 irrisionis,

157 2471 199 2505 at
237 2471 348 2507 tanto
387 2468 608 2508 facetiores
649 2472 691 2507 et
728 2468 990 2517 urbaniores,
1031 2468 1137 2520 quod
1175 2483 1296 2521 quum
1326 2475 1465 2510 essent
1494 2484 1518 2510 a

157 2523 280 2562 rebus
317 2526 494 2564 externis
537 2530 582 2564 et
622 2524 801 2563 fortuitis
838 2525 1009 2573 ductae,
1053 2528 1189 2565 tamen
1228 2530 1272 2566 et
1314 2527 1518 2579 ingenium

159 2590 299 2618 eorum
339 2581 591 2632 aliquatenus
630 2580 913 2633 patefacerent
943 2581 1075 2633 neque
1104 2582 1154 2621 ab
1183 2582 1391 2622 hominum
1420 2596 1517 2636 pru-

157 2635 387 2677 dentiorum
424 2637 584 2679 iudiciis
626 2636 877 2679 recederent.
948 2637 1073 2678 Certe
1124 2638 1286 2690 quidem
1326 2639 1518 2680 Socrates

1056 2703 1133 2744 3*
