1748 2950
520 133 591 176 AD
621 130 950 187 SoPmSTAM.
1354 130 1410 173 18

53 261 197 291 caussa
226 252 312 296 est,
356 258 428 287 cur
466 245 580 285 aliam
621 244 853 298 deputandi
890 244 1087 284 rationem
1126 242 1411 295 adoptaverit‘!

55 299 127 348 cur
165 297 440 359 quaestionem
489 303 606 341 istam
651 301 700 340 de
740 301 935 354 Sophista
977 301 1188 353 ¹copularit
1229 314 1318 340 cum
1360 312 1410 338 eo

55 366 320 414 argumenta,
373 358 480 410 quod
517 359 684 410 proprie
724 357 1012 408 exquirendum
1054 359 1247 396 sumsisse
1284 357 1413 397 videri

56 419 211 460 debet?
269 410 463 460 Ninirum
502 414 604 453 haec
644 419 764 465 atque
803 415 877 452 alia
917 414 957 452 id
996 427 1122 466 genus
1167 416 1221 452 ita
1252 414 1412 453 denium

57 479 251 529 poterunt
279 477 393 512 recte
422 472 594 523 intelligi
623 476 742 522 atque
772 471 1007 520 diiudicari,
1047 472 1081 510 si
1114 472 1290 510 universi
1319 470 1414 509 libri

58 535 337 584 argumentum
376 541 454 567 uno
497 529 611 579 quasi
649 528 795 566 mentis
832 528 977 566 obtutu
1011 528 1411 566 consideraverimus.

57 588 176 639 Quod
214 599 293 638 quo
334 584 492 624 facilius
535 584 626 622 fieri
676 584 808 636 possit
856 585 904 622 ab
952 585 1158 632 omnibus,
1207 597 1283 635 age
1321 588 1414 622 ante

59 645 188 684 omnia
219 654 333 682 more
362 646 503 680 nostro
533 640 816 692 disputationis
846 653 1040 680 summam
1079 642 1135 679 ita
1173 642 1416 688 reseramus,

57 706 104 740 ut
134 700 305 739 eundem
343 698 519 749 partium
564 697 745 735 ordinem
787 698 1036 747 eandemque
1077 710 1212 736 earum
1254 699 1416 736 iunctu-

57 770 142 798 ram
180 750 409 803 servemus,
449 766 566 804 quam
601 755 708 805 apud
746 753 880 804 ipsum
923 753 1134 792 Platonem
1177 755 1417 805 reperimus.

59 814 149 863 Quo
192 812 299 851 facto
339 811 570 862 conabimur
611 811 662 849 de
699 810 749 847 iis
788 811 910 848 rebus
950 822 1176 861 exponere,
1226 824 1327 861 quae
1367 809 1418 848 ad

59 870 187 910 totius
218 868 311 907 libri
340 871 617 918 argumentum
649 870 692 904 et
716 866 928 904 artificium
960 867 1237 906 illustrandum
1268 867 1419 917 aliquid

59 926 252 966 momenti
290 923 454 963 faciant.
519 922 752 973 Quanquam
801 934 881 961 non
926 921 964 959 id
1004 923 1122 961 nobis
1163 925 1419 975 propositum

62 982 151 1031 est,
195 986 241 1020 ut
290 979 421 1020 omnia
459 982 580 1029 atque
631 978 786 1029 singula
823 979 1011 1017 subtilius
1052 980 1264 1027 rimemur,
1316 992 1420 1030 qnae

60 1038 183 1079 alicui
210 1037 380 1078 obscura
411 1039 480 1073 aut
510 1035 629 1074 dubia
666 1034 895 1078 videantur3
938 1036 981 1074 id
1021 1036 1126 1074 enim
1167 1037 1375 1076 abhorret·
1397 1049 1422 1076 a

59 1099 201 1135 nostro
241 1093 454 1139 instituto;
502 1092 604 1130 iliud
640 1092 917 1131 tantummodo
965 1091 1134 1131 efficere
1175 1094 1423 1140 cantabimur,

61 1156 110 1192 ut
149 1151 331 1203 pot-iores
371 1146 636 1187 difficultates
675 1149 939 1198 expediantur
984 1153 1026 1187 et
1064 1149 1188 1196 veluti
1229 1161 1422 1188 accessus

61 1207 112 1247 ad
141 1207 286 1246 librum
317 1206 469 1244 rectius
507 1204 829 1256 intelligendum,
850 1205 1282 1260 interpretandumque
1320 1218 1420 1258 ape-

60 1265 201 1305 riatur.

131 1327 134 1330 ⁴
178 1318 254 1358 nst
280 1317 405 1368 igitur
433 1321 714 1368 argumentum
743 1316 1026 1369 disputationis
1057 1318 1147 1357 sere
1175 1320 1267 1358 hoc.

178 1375 504 1425 Congrediuntur
544 1373 787 1413 'l'heodorus
833 1378 876 1412 et
918 1374 1172 1414 Theaetetus
1221 1375 1423 1427 postridie

66 1433 155 1474 eius
191 1431 290 1479 diei,
336 1443 415 1481 quo
453 1429 616 1469 habitus
645 1431 810 1481 fingitur
839 1443 973 1469 sermo
1012 1433 1052 1471 in
1083 1430 1315 1472 'theaeteto
1350 1445 1424 1472 ex-

66 1490 248 1544 positus,
296 1499 387 1526 cum
436 1485 630 1534 Socrate,
682 1487 803 1525 sicuti
851 1488 961 1526 inter
1007 1489 1120 1539 ips-os
1170 1492 1424 1529 convenerat.

66 1546 283 1587 Adducunt
312 1556 448 1582 secum
479 1543 681 1594 hospitem
714 1543 953 1590 Eleaticum,
983 1545 1111 1583 virum
1141 1546 1426 1597 philosophiae

66 1603 187 1659 piane
216 1600 409 1642 deditum.
468 1599 572 1639 Eum
604 1600 754 1639 salutat
783 1599 975 1638 Socrates
1004 1614 1145 1651 magna
1186 1615 1274 1641 cum
1306 1602 1425 1640 urba-

67 1660 207 1706 nitate,
238 1669 311 1696 nec
342 1668 438 1694 vero
471 1656 556 1694 sine
586 1657 788 1704 irrisione,
818 1657 1014 1706 siquidem
1047 1670 1137 1696 eum
1169 1658 1426 1698 dialect-icum

68 1708 241 1767 aliquem
282 1708 510 1765 suspicatur
540 1726 653 1760 esse,
699 1714 765 1766 qni
805 1712 1030 1751 disserendi
1069 1715 1252 1752 acumine
1290 1715 1426 1753 omnia

70 1767 321 1813 labefactare
376 1773 418 1806 et
464 1770 691 1807 convellere
730 1774 860 1819 queat.
929 1770 990 1808 Ad
1033 1783 1133 1821 quae
1164 1771 1426 1819 Theodorus,

73 1827 166 1866 Non
197 1825 264 1864 hic
293 1836 383 1862 mos
415 1830 501 1872 est,
542 1826 697 1875 inquit,
726 1827 845 1864 huius
877 1825 1052 1877 hospitis
1082 1829 1235 1874 nostri,
1268 1829 1333 1878 qui
1364 1832 1432 1867 est

72 1882 199 1924 multo
246 1880 392 1928 lenior,
452 1880 687 1928 humanior,
745 1882 968 1920 modestior
1026 1886 1290 1922 contentiosis
1337 1885 1428 1922 istis

75 1937 415 1990 disputatoribus:
455 1937 611 1975 videtur
651 1942 785 1976 tamen
814 1938 885 1975 iile
915 1938 1067 1977 divinus
1098 1953 1190 1978 csse
1220 1942 1260 1979 in
1293 1941 1427 1991 phiio÷

77 1995 244 2048 sophia,
286 1993 350 2031 cui
379 1993 447 2042 qui
475 1999 590 2031 recte
620 2006 782 2045 operam
825 1993 944 2043 dant,
985 2007 1055 2034 eos
1096 2010 1234 2036 omnes
1275 1999 1427 2036 divinos

76 2049 256 2100 iudicare
296 2049 423 2088 soleo.
484 2050 636 2099 Quibus
677 2050 820 2087 auditis
853 2050 1066 2100 Socrates,
1104 2058 1218 2091 recte
1259 2058 1303 2092 tu
1341 2053 1429 2103 qui-

75 2109 193 2155 dem,
231 2106 380 2156 inquit:
432 2107 505 2143 sed
542 2107 724 2157 ambigua
765 2111 879 2144 certe
922 2112 1043 2158 atque
1087 2109 1206 2147 dubia
1245 2107 1429 2162 philoso-

76 2165 249 2218 phorum
280 2162 439 2213 species
473 2166 560 2210 est3
601 2167 797 2214 apparent
841 2164 946 2203 enim
977 2166 1096 2204 modo
1126 2166 1262 2204 induta
1295 2167 1431 2218 politi-

77 2233 218 2262 corum
245 2231 440 2274 persona,
480 2219 599 2257 modo
638 2219 910 2271 sophistarum
949 2233 1093 2260 nomen
1125 2230 1293 2274 geruntz
1337 2224 1433 2275 quin

76 2275 276 2320 interdum
308 2276 427 2314 etiam
461 2276 686 2314 insanorum
718 2277 878 2317 nomine
908 2283 1111 2318 ornantur.
1167 2279 1306 2331 ltaque
1337 2292 1432 2332 bro-

78 2337 195 2375 tenus
229 2333 277 2370 ab
319 2331 482 2382 hospite
520 2332 703 2372 Eleatico
744 2333 869 2384 petit,
910 2339 956 2372 ut
996 2336 1074 2373 sibi
1115 2342 1310 2387 exponat,
1352 2349 1431 2387 quo

80 2385 242 2428 tandem
289 2387 408 2426 modo
458 2388 661 2441 sophista,
719 2389 908 2441 politicus
963 2395 1004 2429 ct
1059 2392 1330 2445 philosophus
1381 2394 1431 2432 ab

81 2444 237 2499 Eleatis
267 2445 579 2495 distinguantur.

195 2500 259 2545 Ex
293 2501 374 2540 hoc
411 2501 501 2539 loco
537 2501 767 2553 intelligere
806 2501 930 2550 iicet,
980 2516 1051 2541 cur
1090 2502 1227 2551 Plato,
1269 2509 1434 2555 postea-

85 2567 200 2606 quam
241 2556 282 2596 in
326 2557 556 2597 Theaeteto
597 2559 645 2596 ab
688 2555 931 2609 exploranda
972 2573 1110 2599 eorum
1147 2562 1326 2608 ratione,
1367 2564 1435 2612 qui

85 2612 123 2651 in
162 2612 358 2665 visiset
392 2614 647 2666 opinionibus
695 2615 879 2652 veritatis
928 2617 1134 2654 scientiam
1189 2620 1436 2668 posuissent,

88 2667 401 2724 disputationem
449 2683 560 2712 suam
608 2682 775 2717 exorsus
829 2674 937 2720 erat,
996 2673 1141 2714 deinde
1195 2687 1438 2727 progressus
