1748 2950
615 188 687 231 Al)
717 187 1044 233 SOPHISTAM.
1442 189 1501 233 223

143 301 329 341 sensibus
360 303 601 342 contrectari
630 314 754 354 posse
774 303 1015 349 existimant,
1048 302 1182 353 paullo
1210 307 1274 342 est
1293 303 1495 353 agrestius

144 363 187 397 et
218 358 407 397 ferocius.
465 359 670 398 Adversus
712 371 812 408 quos
843 364 976 397 tamen
1015 359 1091 397 hac
1122 360 1178 398 nti
1209 360 1346 398 licebit
1376 373 1496 410 argu-

142 416 402 454 mentatione.
459 415 616 454 Animal
649 415 915 465 quodcunque
944 427 1115 453 necesse
1144 420 1208 454 est
1238 428 1385 466 corpus
1403 429 1498 455 esse

143 471 271 509 anima
311 470 549 521 praeditum.
617 470 744 522 lgitur
789 472 917 509 anima
954 484 1095 511 revera
1135 476 1210 510 est.
1277 472 1357 510 lam
1396 484 1497 510 vero

142 528 220 565 alia
248 528 375 564 anima
402 528 608 577 reperitur
638 539 731 565 esse
761 528 880 574 iusta,
911 527 988 565 alia
1017 528 1186 574 iniusta3
1216 529 1375 579 sapiens
1406 528 1495 575 alia,

142 584 217 621 alia
254 582 459 633 insipiens.
524 583 588 621 Ex
626 595 704 633 qno
740 585 1022 633 consequitur,
1073 587 1118 622 ut
1162 585 1282 622 etiam
1328 584 1495 631 iustitia,

143 640 362 690 sapientia,
411 638 513 676 aliae
551 640 746 686 virtutes,
798 652 891 677 vere
932 652 1024 678 esse
1072 639 1357 678 existimandae
1402 641 1495 680 sint.

142 695 254 734 llaec
283 700 415 732 autem
448 696 579 733 omnia
619 708 740 745 quum
771 695 957 734 sensibus
989 696 1144 747 percipi
1171 697 1498 746 contrectatique

140 751 446 801 haudquaquam
486 751 666 801 possint,
713 763 935 803 corporeae
970 753 1162 790 materiae
1200 753 1384 803 expertia
1414 753 1497 790 sint

142 819 310 859 prorsus
350 819 520 845 necesse
559 811 635 847 est.
694 808 850 856 Quodsi
886 812 1021 846 autem
1051 807 1176 847 nihilo
1206 809 1341 847 secius
1371 820 1496 859 repe-

140 864 318 910 riantur,
349 864 417 912 qui
449 864 660 913 quicquam
690 875 783 902 esse
812 868 962 913 negent
999 865 1106 913 qnod
1136 865 1317 902 manibus
1347 877 1496 915 appre-

142 918 267 957 hendi
295 923 482 969 nequeat,
514 931 587 957 eos
615 918 691 957 hac
719 919 1071 970 argumentatione
1099 919 1315 958 confutare
1344 919 1496 960 licebit.

142 975 346 1025 Quidquid
386 974 511 1012 habet
548 974 718 1024 aliquam
757 976 836 1013 vim
875 979 918 1013 et
950 974 1184 1013 fucultatem
1218 975 1366 1026 aliquid
1397 976 1495 1015 effi-

142 1031 275 1069 ciendi
303 1031 367 1068 vel
395 1031 594 1081 patiendi,
636 1030 676 1068 id
714 1043 833 1070 esse
872 1031 1134 1071 arbitramur:
1173 1032 1353 1070 cemitur
1389 1032 1495 1071 enim

143 1087 319 1125 essentia
349 1087 390 1125 in
419 1087 456 1124 vi
485 1091 528 1124 et
567 1085 772 1125 facultate.
831 1087 944 1125 Haec
983 1087 1073 1137 ipsa
1109 1091 1245 1125 autem
1274 1099 1296 1125 a
1325 1088 1497 1125 materia

142 1155 342 1194 corporea
379 1142 537 1180 diversa
571 1147 646 1181 est.
715 1143 777 1180 Ex
816 1155 894 1193 qno
942 1143 1147 1192 sequitur,
1196 1147 1243 1183 ut
1286 1144 1410 1182 etiam
1454 1142 1495 1181 id

143 1211 263 1238 esse
303 1198 603 1237 concedendum
643 1199 719 1245 sit,
759 1200 867 1248 qnod
901 1210 925 1236 a
964 1199 1203 1249 corporibus
1242 1204 1383 1237 natura
1422 1212 1496 1238 sua

143 1255 291 1293 differt.
358 1255 470 1292 Haec
509 1255 599 1305 ipsa
637 1259 769 1293 autem
809 1256 868 1294 vis
909 1266 1071 1302 eorum,
1112 1267 1214 1307 quae
1253 1267 1349 1296 vere
1388 1260 1496 1302 sunt,

142 1317 323 1350 naturam
364 1322 522 1349 omnem
561 1310 756 1355 absolvit,
781 1316 846 1349 ‘ut
886 1311 1019 1361 ipsum
1058 1322 1151 1349 esse
1189 1310 1296 1349 nulla
1334 1311 1412 1349 alia
1448 1323 1497 1349 re

142 1368 228 1462 ιέἰῖςέ
258 1367 304 1462 τὲ
320 1373 378 1477 >et
425 1366 608 1406 efficacia
649 1367 818 1418 quadam
857 1367 1122 1407 contineatur.
1173 1365 1332 1418 (usque
1368 1367 1417 1407 ad
1454 1380 1494 1422 p.

257 1533 338 1572 Sed
378 1533 442 1573 his
473 1534 605 1573 missis
634 1533 838 1573 videamus
869 1534 1109 1574 contrariam
1139 1546 1281 1572 eorum
1312 1534 1494 1584 philoso-

143 1592 317 1643 phorum
346 1592 608 1637 sententiam,
640 1592 707 1640 qui
737 1602 897 1629 omnem
928 1592 1144 1630 essentIam
1185 1603 1233 1628 ex
1262 1590 1365 1628 ideis
1395 1603 1495 1641 pen-

143 1647 244 1686 dere
280 1647 430 1686 volunt.
489 1647 734 1685 Discernunt
761 1647 886 1697 igitur
920 1647 981 1685 illi
1009 1648 1180 1699 γένεσιν
1206 1647 1290 1685 sive
1319 1658 1496 1696 genera*

143 1704 296 1742 tionem
325 1704 372 1742 ab
403 1704 578 1742 essentia
610 1703 694 1741 sive
724 1699 868 1753 οὐσίᾳ.
925 1702 980 1742 Et
1009 1714 1183 1755 corpore
1213 1702 1371 1753 quidem
1402 1715 1494 1742 sen-

144 1771 343 1810 suumque
382 1760 646 1811 perceptione
685 1771 759 1797 nos
799 1759 939 1798 volunt
970 1771 1111 1798 eorum
1141 1758 1231 1796 fleri
1262 1759 1495 1810 participes,

147 1828 248 1865 quae
286 1820 552 1865 generantur-3
596 1814 668 1853 sed
713 1827 783 1859 ea,
824 1828 926 1865 quae
966 1819 1060 1854 sunt
1098 1815 1345 1865 sempiterna
1374 1820 1496 1865 atque

144 1872 333 1917 immota,
370 1871 409 1908 in
451 1871 596 1920 quibus
625 1870 723 1908 solis
754 1872 970 1909 essentiam
1002 1876 1145 1922 putant
1174 1871 1333 1917 inesse,
1362 1872 1495 1909 animo

145 1931 300 1966 tantum
331 1929 375 1964 et
400 1927 558 1964 ratione
585 1926 727 1976 attingi
744 1927 999 1966 arbitrantur.
1057 1927 1253 1976 Quidnam
1271 1939 1367 1964 vero
1390 1928 1497 1965 istuc

146 1988 233 2030 est,
265 1982 371 2032 quod
401 1982 467 2019 isti
497 1986 640 2020 vocant
669 1983 986 2033 participem
1028 1994 1146 2021 esse
1177 1983 1239 2020 vel
1267 1995 1403 2021 rerum
1433 1983 1497 2021 vet

146 2039 356 2077 idearum'!
414 2038 628 2076 Enimvero
659 2050 744 2075 rem
777 2038 810 2075 si
838 2043 1027 2076 accurate
1055 2040 1336 2085 aestimemus,
1374 2038 1498 2078 facile

147 2096 441 2145 intelligemus,
477 2107 570 2132 esse
608 2093 709 2133 illud
746 2093 846 2132 nihil
884 2094 991 2132 aliud
1029 2095 1103 2132 nisi
1142 2095 1495 2134 affectionem

147 2157 200 2190 et
229 2152 485 2189 actionem
518 2149 713 2200 quandam
743 2162 766 2187 e
797 2149 1058 2188 facultate
1093 2163 1254 2198 eorum,
1293 2163 1395 2200 quae
1433 2152 1496 2189 in-

148 2212 214 2245 ter
251 2220 297 2245 se
337 2206 669 2257 congrediuntur,
711 2206 1034 2255 proficiscentem
1072 2204 1176 2258 (ein
1216 2208 1495 2258 {regensei-

148 2264 283 2313 tiges
313 2261 460 2300 'l'hun
500 2263 628 2300 oder
669 2261 866 2300 Leiden
905 2275 998 2301 aas
1026 2263 1171 2300 einer
1197 2262 1363 2314 Kraft
1385 2263 1494 2302 tzer-

149 2316 488 2371 vorgehend).
556 2318 643 2356 Nec
679 2322 814 2356 tamen
851 2318 930 2357 hoc
967 2318 1145 2356 idearum
1184 2320 1341 2369 patroni
1378 2320 1495 2359 nobis

151 2376 396 2421 concedent,
427 2375 577 2425 qnippe
607 2374 674 2423 qui
703 2375 953 2424 generationi
983 2375 1144 2424 quidem
1174 2376 1319 2426 agendi
1336 2377 1495 2426 petlen-

151 2430 270 2480 dique
308 2431 386 2468 vim
430 2432 675 2476 attribuunt,
716 2431 918 2468 essentiae
946 2436 1078 2469 autem
1110 2431 1276 2468 eandem
1306 2433 1496 2482 eripiunt.

151 2487 263 2534 Quae
291 2498 430 2524 eorum
456 2487 591 2537 opInio
619 2486 711 2524 vide
741 2499 855 2535 quam
875 2486 1033 2525 infirmo
1054 2487 1204 2525 nitatur
1220 2487 1494 2526 fundamento.

151 2541 395 2592 Largiuntur
439 2542 499 2580 illi
540 2543 620 2593 ipsi
666 2542 826 2592 species
863 2541 953 2581 illas
998 2544 1264 2595 sempiternas
1311 2557 1334 2582 a
1379 2545 1496 2583 nobis

153 2601 290 2636 mente
316 2610 363 2636 ac
390 2599 545 2636 ratione
574 2598 745 2648 intelligi
773 2602 894 2647 atque
923 2601 1123 2649 cognosci.
1183 2599 1261 2637 lam
1294 2612 1391 2638 vero
1420 2595 1496 2638 co-

152 2654 373 2704 gnitionem
409 2655 451 2692 in
481 2654 647 2705 quanam
679 2666 724 2691 re
753 2654 890 2692 inesse
919 2655 1145 2705 putabimus
1174 2657 1250 2694 nisi
1281 2657 1321 2694 in
1351 2657 1495 2695 mentis

153 2710 352 2761 animique
388 2712 545 2750 actione
585 2709 784 2763 quadam?
854 2710 1053 2763 Cognosci
1086 2715 1221 2755 autem
1248 2718 1293 2752 et
1323 2712 1497 2763 intelligi
