<?xml version="1.0" encoding="UTF-8"?>
<!DOCTYPE html PUBLIC "-//W3C//DTD XHTML 1.0 Transitional//EN"
    "http://www.w3.org/TR/xhtml1/DTD/xhtml1-transitional.dtd">
<html xmlns="http://www.w3.org/1999/xhtml" xml:lang="en" lang="en">
 <head>
  <title>
</title>
<meta http-equiv="Content-Type" content="text/html;charset=utf-8" />
  <meta name='ocr-system' content='tesseract 3.04.00' />
  <meta name='ocr-capabilities' content='ocr_page ocr_carea ocr_par ocr_line ocrx_word'/>
</head>
<body>
  <div class='ocr_page' id='page_1' title='image "./operaomniarecens08platuoft/operaomniarecens08platuoft_0043.png"; bbox 0 0 1716 2970; ppageno 0'>
   <div class='ocr_carea' id='block_1_1' title="bbox 657 153 1574 195">
    <p class='ocr_par' dir='ltr' id='par_1_1' title="bbox 657 153 1574 195">
     <span class='ocr_line' id='line_1_1' title="bbox 657 153 1574 195; baseline -0.002 -4"><span class='ocrx_word' id='word_1_1' title='bbox 657 155 998 191; x_wconf 81' lang='lat' dir='ltr'>PROLEGOMEN</span> <span class='ocrx_word' id='word_1_2' title='bbox 999 155 1041 190; x_wconf 89' lang='lat' dir='ltr'>A.</span> <span class='ocrx_word' id='word_1_3' title='bbox 1519 153 1574 195; x_wconf 82' lang='lat'>31</span> 
     </span>
    </p>
   </div>
   <div class='ocr_carea' id='block_1_2' title="bbox 144 269 1576 1281">
    <p class='ocr_par' dir='ltr' id='par_1_2' title="bbox 144 269 1576 1059">
     <span class='ocr_line' id='line_1_2' title="bbox 260 269 1575 323; baseline -0.005 -9"><span class='ocrx_word' id='word_1_4' title='bbox 260 275 420 315; x_wconf 86' lang='lat' dir='ltr'>Summa</span> <span class='ocrx_word' id='word_1_5' title='bbox 442 276 526 313; x_wconf 88' lang='lat' dir='ltr'>arte</span> <span class='ocrx_word' id='word_1_6' title='bbox 547 270 724 323; x_wconf 84' lang='lat' dir='ltr'>dialogus</span> <span class='ocrx_word' id='word_1_7' title='bbox 745 271 797 310; x_wconf 89' lang='lat' dir='ltr'>ita</span> <span class='ocrx_word' id='word_1_8' title='bbox 818 269 1058 322; x_wconf 85' lang='lat' dir='ltr'>compositus</span> <span class='ocrx_word' id='word_1_9' title='bbox 1080 274 1151 315; x_wconf 90' lang='lat' dir='ltr'>est,</span> <span class='ocrx_word' id='word_1_10' title='bbox 1174 274 1218 308; x_wconf 86' lang='lat' dir='ltr'>ut</span> <span class='ocrx_word' id='word_1_11' title='bbox 1237 274 1370 319; x_wconf 87' lang='lat' dir='ltr'>partes</span> <span class='ocrx_word' id='word_1_12' title='bbox 1391 273 1430 307; x_wconf 90' lang='lat' dir='ltr'>et</span> <span class='ocrx_word' id='word_1_13' title='bbox 1450 273 1575 308; x_wconf 88' lang='lat' dir='ltr'>totum</span> 
     </span>
     <span class='ocr_line' id='line_1_3' title="bbox 145 325 1575 383; baseline -0.006 -12"><span class='ocrx_word' id='word_1_14' title='bbox 145 332 221 371; x_wconf 86' lang='lat' dir='ltr'>sibi</span> <span class='ocrx_word' id='word_1_15' title='bbox 241 325 557 383; x_wconf 83' lang='lat' dir='ltr'>respondeant1).</span> <span class='ocrx_word' id='word_1_16' title='bbox 609 329 659 369; x_wconf 89' lang='lat' dir='ltr'>Ut</span> <span class='ocrx_word' id='word_1_17' title='bbox 688 328 792 367; x_wconf 90' lang='lat' dir='ltr'>enim</span> <span class='ocrx_word' id='word_1_18' title='bbox 823 326 998 366; x_wconf 85' lang='lat' dir='ltr'>definitio</span> <span class='ocrx_word' id='word_1_19' title='bbox 1027 337 1207 378; x_wconf 90' lang='lat' dir='ltr'>quaeque</span> <span class='ocrx_word' id='word_1_20' title='bbox 1235 325 1276 364; x_wconf 93' lang='lat' dir='ltr'>in</span> <span class='ocrx_word' id='word_1_21' title='bbox 1305 326 1575 375; x_wconf 83' lang='lat' dir='ltr'>angustiorem</span> 
     </span>
     <span class='ocr_line' id='line_1_4' title="bbox 147 381 1576 440; baseline -0.006 -11"><span class='ocrx_word' id='word_1_22' title='bbox 147 400 304 440; x_wconf 85' lang='lat' dir='ltr'><strong>semper</strong></span> <span class='ocrx_word' id='word_1_23' title='bbox 324 387 454 426; x_wconf 91' lang='lat' dir='ltr'>locum</span> <span class='ocrx_word' id='word_1_24' title='bbox 475 383 738 429; x_wconf 83' lang='lat' dir='ltr'>concluditur,</span> <span class='ocrx_word' id='word_1_25' title='bbox 755 384 808 423; x_wconf 88' lang='lat' dir='ltr'>ita</span> <span class='ocrx_word' id='word_1_26' title='bbox 829 382 1071 436; x_wconf 82' lang='lat' dir='ltr'>procedente</span> <span class='ocrx_word' id='word_1_27' title='bbox 1091 393 1275 422; x_wconf 81' lang='lat' dir='ltr'><strong>sermone</strong></span> <span class='ocrx_word' id='word_1_28' title='bbox 1296 381 1389 433; x_wconf 90' lang='lat' dir='ltr'>quid</span> <span class='ocrx_word' id='word_1_29' title='bbox 1411 381 1576 421; x_wconf 87' lang='lat' dir='ltr'>scientia</span> 
     </span>
     <span class='ocr_line' id='line_1_5' title="bbox 146 438 1575 494; baseline -0.005 -10"><span class='ocrx_word' id='word_1_30' title='bbox 146 445 195 484; x_wconf 89' lang='lat' dir='ltr'>sit</span> <span class='ocrx_word' id='word_1_31' title='bbox 223 444 346 494; x_wconf 86' lang='lat' dir='ltr'>magis</span> <span class='ocrx_word' id='word_1_32' title='bbox 374 440 714 482; x_wconf 82' lang='lat' dir='ltr'>circumscribitur</span> <span class='ocrx_word' id='word_1_33' title='bbox 745 445 784 480; x_wconf 90' lang='lat' dir='ltr'>et</span> <span class='ocrx_word' id='word_1_34' title='bbox 814 440 1013 479; x_wconf 85' lang='lat' dir='ltr'>definitur.</span> <span class='ocrx_word' id='word_1_35' title='bbox 1071 438 1122 478; x_wconf 91' lang='lat' dir='ltr'>Ut</span> <span class='ocrx_word' id='word_1_36' title='bbox 1150 438 1190 477; x_wconf 93' lang='lat' dir='ltr'>in</span> <span class='ocrx_word' id='word_1_37' title='bbox 1228 438 1352 490; x_wconf 88' lang='lat' dir='ltr'>partis</span> <span class='ocrx_word' id='word_1_38' title='bbox 1381 438 1575 490; x_wconf 85' lang='lat' dir='ltr'>cuiusque</span> 
     </span>
     <span class='ocr_line' id='line_1_6' title="bbox 145 495 1575 547; baseline -0.005 -7"><span class='ocrx_word' id='word_1_39' title='bbox 145 501 242 546; x_wconf 89' lang='lat' dir='ltr'>fine,</span> <span class='ocrx_word' id='word_1_40' title='bbox 272 501 324 539; x_wconf 90' lang='lat' dir='ltr'>ita</span> <span class='ocrx_word' id='word_1_41' title='bbox 352 499 462 538; x_wconf 80' lang='lat' dir='ltr'>finito</span> <span class='ocrx_word' id='word_1_42' title='bbox 492 502 574 537; x_wconf 89' lang='lat' dir='ltr'>toto</span> <span class='ocrx_word' id='word_1_43' title='bbox 603 508 789 538; x_wconf 84' lang='lat' dir='ltr'>sermone</span> <span class='ocrx_word' id='word_1_44' title='bbox 816 501 984 547; x_wconf 86' lang='lat' dir='ltr'>negatur</span> <span class='ocrx_word' id='word_1_45' title='bbox 1012 495 1215 535; x_wconf 86' lang='lat' dir='ltr'>scientiam</span> <span class='ocrx_word' id='word_1_46' title='bbox 1246 506 1332 534; x_wconf 90' lang='lat' dir='ltr'>esse</span> <span class='ocrx_word' id='word_1_47' title='bbox 1360 495 1575 533; x_wconf 88' lang='lat' dir='ltr'>inventam.</span> 
     </span>
     <span class='ocr_line' id='line_1_7' title="bbox 147 551 1574 606; baseline -0.006 -9"><span class='ocrx_word' id='word_1_48' title='bbox 147 556 309 597; x_wconf 86' lang='lat' dir='ltr'>Orditur</span> <span class='ocrx_word' id='word_1_49' title='bbox 337 554 515 606; x_wconf 80' lang='lat' dir='ltr'>dialogus</span> <span class='ocrx_word' id='word_1_50' title='bbox 545 566 566 593; x_wconf 95' lang='lat' dir='ltr'>a</span> <span class='ocrx_word' id='word_1_51' title='bbox 596 553 747 605; x_wconf 88' lang='lat' dir='ltr'>vulgari</span> <span class='ocrx_word' id='word_1_52' title='bbox 776 552 980 592; x_wconf 91' lang='lat' dir='ltr'>hominum</span> <span class='ocrx_word' id='word_1_53' title='bbox 1012 553 1218 604; x_wconf 91' lang='lat' dir='ltr'>opinione,</span> <span class='ocrx_word' id='word_1_54' title='bbox 1257 562 1333 602; x_wconf 92' lang='lat' dir='ltr'>qua</span> <span class='ocrx_word' id='word_1_55' title='bbox 1369 551 1574 590; x_wconf 88' lang='lat' dir='ltr'>scientiam</span> 
     </span>
     <span class='ocr_line' id='line_1_8' title="bbox 145 607 1573 663; baseline -0.004 -12"><span class='ocrx_word' id='word_1_56' title='bbox 145 612 281 653; x_wconf 80' lang='lat' dir='ltr'>volunt</span> <span class='ocrx_word' id='word_1_57' title='bbox 300 613 339 651; x_wconf 93' lang='lat' dir='ltr'>in</span> <span class='ocrx_word' id='word_1_58' title='bbox 361 623 480 652; x_wconf 89' lang='lat' dir='ltr'>sensu</span> <span class='ocrx_word' id='word_1_59' title='bbox 501 610 669 663; x_wconf 84' lang='lat' dir='ltr'>positam</span> <span class='ocrx_word' id='word_1_60' title='bbox 700 621 805 655; x_wconf 88' lang='lat' dir='ltr'>esse,</span> <span class='ocrx_word' id='word_1_61' title='bbox 833 609 976 649; x_wconf 84' lang='lat' dir='ltr'>transit</span> <span class='ocrx_word' id='word_1_62' title='bbox 996 609 1045 648; x_wconf 91' lang='lat' dir='ltr'>ad</span> <span class='ocrx_word' id='word_1_63' title='bbox 1066 607 1225 660; x_wconf 91' lang='lat' dir='ltr'>politius</span> <span class='ocrx_word' id='word_1_64' title='bbox 1252 607 1348 647; x_wconf 92' lang='lat' dir='ltr'>illud</span> <span class='ocrx_word' id='word_1_65' title='bbox 1378 612 1417 647; x_wconf 90' lang='lat' dir='ltr'>et</span> <span class='ocrx_word' id='word_1_66' title='bbox 1438 607 1573 646; x_wconf 90' lang='lat' dir='ltr'>verisi-</span> 
     </span>
     <span class='ocr_line' id='line_1_9' title="bbox 144 662 1575 718; baseline -0.005 -9"><span class='ocrx_word' id='word_1_67' title='bbox 144 668 292 714; x_wconf 90' lang='lat' dir='ltr'>milius,</span> <span class='ocrx_word' id='word_1_68' title='bbox 314 668 517 708; x_wconf 88' lang='lat' dir='ltr'>scientiam</span> <span class='ocrx_word' id='word_1_69' title='bbox 540 679 627 707; x_wconf 90' lang='lat' dir='ltr'>esse</span> <span class='ocrx_word' id='word_1_70' title='bbox 655 678 787 706; x_wconf 86' lang='lat' dir='ltr'>veram</span> <span class='ocrx_word' id='word_1_71' title='bbox 818 666 1062 718; x_wconf 89' lang='lat' dir='ltr'>opinionem,</span> <span class='ocrx_word' id='word_1_72' title='bbox 1092 664 1271 717; x_wconf 88' lang='lat' dir='ltr'>pervenit</span> <span class='ocrx_word' id='word_1_73' title='bbox 1300 663 1349 704; x_wconf 93' lang='lat' dir='ltr'>ad</span> <span class='ocrx_word' id='word_1_74' title='bbox 1379 663 1436 709; x_wconf 91' lang='lat' dir='ltr'>id,</span> <span class='ocrx_word' id='word_1_75' title='bbox 1468 662 1575 716; x_wconf 91' lang='lat' dir='ltr'>quod</span> 
     </span>
     <span class='ocr_line' id='line_1_10' title="bbox 145 721 1575 774; baseline -0.004 -9"><span class='ocrx_word' id='word_1_76' title='bbox 145 724 388 765; x_wconf 90' lang='lat' dir='ltr'>simillimum</span> <span class='ocrx_word' id='word_1_77' title='bbox 410 736 506 764; x_wconf 89' lang='lat' dir='ltr'>sane</span> <span class='ocrx_word' id='word_1_78' title='bbox 528 728 587 764; x_wconf 89' lang='lat' dir='ltr'>est</span> <span class='ocrx_word' id='word_1_79' title='bbox 607 723 794 764; x_wconf 84' lang='lat' dir='ltr'>scientiae</span> <span class='ocrx_word' id='word_1_80' title='bbox 823 723 919 774; x_wconf 87' lang='lat' dir='ltr'>ipsi,</span> <span class='ocrx_word' id='word_1_81' title='bbox 948 733 1081 761; x_wconf 87' lang='lat' dir='ltr'>veram</span> <span class='ocrx_word' id='word_1_82' title='bbox 1111 721 1339 772; x_wconf 87' lang='lat' dir='ltr'>opinionem</span> <span class='ocrx_word' id='word_1_83' title='bbox 1368 721 1575 760; x_wconf 90' lang='lat' dir='ltr'>scientiam</span> 
     </span>
     <span class='ocr_line' id='line_1_11' title="bbox 146 777 1576 828; baseline -0.006 -5"><span class='ocrx_word' id='word_1_84' title='bbox 146 794 230 823; x_wconf 89' lang='lat' dir='ltr'>esse</span> <span class='ocrx_word' id='word_1_85' title='bbox 266 794 355 821; x_wconf 87' lang='lat' dir='ltr'>cum</span> <span class='ocrx_word' id='word_1_86' title='bbox 391 780 615 820; x_wconf 87' lang='lat' dir='ltr'>definitione</span> <span class='ocrx_word' id='word_1_87' title='bbox 650 780 912 819; x_wconf 90' lang='lat' dir='ltr'>coniunctam.</span> <span class='ocrx_word' id='word_1_88' title='bbox 960 779 1009 819; x_wconf 93' lang='lat' dir='ltr'>Ut</span> <span class='ocrx_word' id='word_1_89' title='bbox 1042 779 1163 828; x_wconf 86' lang='lat' dir='ltr'>igitur</span> <span class='ocrx_word' id='word_1_90' title='bbox 1200 790 1219 816; x_wconf 90' lang='lat' dir='ltr'>a</span> <span class='ocrx_word' id='word_1_91' title='bbox 1257 777 1400 816; x_wconf 88' lang='lat' dir='ltr'>iudicio</span> <span class='ocrx_word' id='word_1_92' title='bbox 1429 777 1576 828; x_wconf 91' lang='lat' dir='ltr'>imper-</span> 
     </span>
     <span class='ocr_line' id='line_1_12' title="bbox 144 834 1575 888; baseline -0.003 -11"><span class='ocrx_word' id='word_1_93' title='bbox 144 838 309 879; x_wconf 81' lang='lat' dir='ltr'>fectiore</span> <span class='ocrx_word' id='word_1_94' title='bbox 330 838 519 877; x_wconf 83' lang='lat' dir='ltr'>transitus</span> <span class='ocrx_word' id='word_1_95' title='bbox 538 837 581 876; x_wconf 91' lang='lat' dir='ltr'>fit</span> <span class='ocrx_word' id='word_1_96' title='bbox 601 836 649 875; x_wconf 92' lang='lat' dir='ltr'>ad</span> <span class='ocrx_word' id='word_1_97' title='bbox 669 836 894 888; x_wconf 79' lang='lat' dir='ltr'>perfectius,</span> <span class='ocrx_word' id='word_1_98' title='bbox 917 836 968 874; x_wconf 90' lang='lat' dir='ltr'>ita</span> <span class='ocrx_word' id='word_1_99' title='bbox 991 834 1166 873; x_wconf 86' lang='lat' dir='ltr'>definitio</span> <span class='ocrx_word' id='word_1_100' title='bbox 1188 834 1375 873; x_wconf 86' lang='lat' dir='ltr'>scientiae</span> <span class='ocrx_word' id='word_1_101' title='bbox 1397 845 1575 886; x_wconf 89' lang='lat' dir='ltr'>quaeque</span> 
     </span>
     <span class='ocr_line' id='line_1_13' title="bbox 145 888 1575 944; baseline -0.004 -9"><span class='ocrx_word' id='word_1_102' title='bbox 145 899 251 935; x_wconf 83' lang='lat' dir='ltr'>tanta</span> <span class='ocrx_word' id='word_1_103' title='bbox 280 893 480 944; x_wconf 85' lang='lat' dir='ltr'>diligentia</span> <span class='ocrx_word' id='word_1_104' title='bbox 510 892 709 933; x_wconf 88' lang='lat' dir='ltr'>elaborata</span> <span class='ocrx_word' id='word_1_105' title='bbox 742 896 820 938; x_wconf 88' lang='lat' dir='ltr'>est,</span> <span class='ocrx_word' id='word_1_106' title='bbox 853 897 898 931; x_wconf 90' lang='lat' dir='ltr'>ut</span> <span class='ocrx_word' id='word_1_107' title='bbox 925 903 1026 942; x_wconf 88' lang='lat' dir='ltr'>quae</span> <span class='ocrx_word' id='word_1_108' title='bbox 1054 891 1184 941; x_wconf 90' lang='lat' dir='ltr'>primo</span> <span class='ocrx_word' id='word_1_109' title='bbox 1214 895 1364 929; x_wconf 91' lang='lat' dir='ltr'>temere</span> <span class='ocrx_word' id='word_1_110' title='bbox 1394 902 1439 929; x_wconf 93' lang='lat' dir='ltr'>ac</span> <span class='ocrx_word' id='word_1_111' title='bbox 1467 888 1575 929; x_wconf 88' lang='lat' dir='ltr'>nulla</span> 
     </span>
     <span class='ocr_line' id='line_1_14' title="bbox 144 947 1575 1000; baseline -0.004 -10"><span class='ocrx_word' id='word_1_112' title='bbox 144 952 299 991; x_wconf 85' lang='lat' dir='ltr'>ratione</span> <span class='ocrx_word' id='word_1_113' title='bbox 328 951 428 990; x_wconf 90' lang='lat' dir='ltr'>dicta</span> <span class='ocrx_word' id='word_1_114' title='bbox 455 949 656 995; x_wconf 86' lang='lat' dir='ltr'>videntur,</span> <span class='ocrx_word' id='word_1_115' title='bbox 686 947 968 1000; x_wconf 84' lang='lat' dir='ltr'>progrediente</span> <span class='ocrx_word' id='word_1_116' title='bbox 997 947 1262 999; x_wconf 87' lang='lat' dir='ltr'>disputatione</span> <span class='ocrx_word' id='word_1_117' title='bbox 1291 947 1374 986; x_wconf 87' lang='lat' dir='ltr'>veri</span> <span class='ocrx_word' id='word_1_118' title='bbox 1403 947 1575 997; x_wconf 88' lang='lat' dir='ltr'>speciem</span> 
     </span>
     <span class='ocr_line' id='line_1_15' title="bbox 146 1006 1387 1059; baseline -0.009 -12"><span class='ocrx_word' id='word_1_119' title='bbox 146 1007 341 1059; x_wconf 86' lang='lat' dir='ltr'>quandam</span> <span class='ocrx_word' id='word_1_120' title='bbox 363 1006 545 1046; x_wconf 88' lang='lat' dir='ltr'>habeant.</span> <span class='ocrx_word' id='word_1_121' title='bbox 1385 1049 1387 1051; x_wconf 17' lang='grc' dir='ltr'><strong><em>ι</em></strong></span> 
     </span>
    </p>

    <p class='ocr_par' dir='ltr' id='par_1_3' title="bbox 146 1058 1576 1281">
     <span class='ocr_line' id='line_1_16' title="bbox 260 1058 1576 1103; baseline -0.003 -1"><span class='ocrx_word' id='word_1_122' title='bbox 260 1063 462 1103; x_wconf 88' lang='lat' dir='ltr'>Sententia</span> <span class='ocrx_word' id='word_1_123' title='bbox 482 1061 548 1101; x_wconf 87' lang='lat' dir='ltr'>illa</span> <span class='ocrx_word' id='word_1_124' title='bbox 569 1062 617 1101; x_wconf 89' lang='lat' dir='ltr'>de</span> <span class='ocrx_word' id='word_1_125' title='bbox 639 1061 800 1100; x_wconf 90' lang='lat' dir='ltr'>homine</span> <span class='ocrx_word' id='word_1_126' title='bbox 822 1073 957 1101; x_wconf 85' lang='lat' dir='ltr'>rerum</span> <span class='ocrx_word' id='word_1_127' title='bbox 980 1071 1164 1100; x_wconf 88' lang='lat' dir='ltr'>mensura</span> <span class='ocrx_word' id='word_1_128' title='bbox 1186 1060 1354 1100; x_wconf 81' lang='lat' dir='ltr'>fortasse</span> <span class='ocrx_word' id='word_1_129' title='bbox 1375 1071 1396 1099; x_wconf 89' lang='lat' dir='ltr'>a</span> <span class='ocrx_word' id='word_1_130' title='bbox 1414 1058 1576 1098; x_wconf 85' lang='lat' dir='ltr'>Platone</span> 
     </span>
     <span class='ocr_line' id='line_1_17' title="bbox 146 1114 1575 1171; baseline -0.003 -12"><span class='ocrx_word' id='word_1_131' title='bbox 146 1120 366 1160; x_wconf 85' lang='lat' dir='ltr'>accuratius</span> <span class='ocrx_word' id='word_1_132' title='bbox 387 1120 562 1171; x_wconf 86' lang='lat' dir='ltr'>exposita</span> <span class='ocrx_word' id='word_1_133' title='bbox 584 1123 623 1157; x_wconf 90' lang='lat' dir='ltr'>et</span> <span class='ocrx_word' id='word_1_134' title='bbox 641 1117 831 1157; x_wconf 87' lang='lat' dir='ltr'>illustrata</span> <span class='ocrx_word' id='word_1_135' title='bbox 855 1123 915 1157; x_wconf 89' lang='lat' dir='ltr'>est</span> <span class='ocrx_word' id='word_1_136' title='bbox 935 1129 1052 1169; x_wconf 90' lang='lat' dir='ltr'>quam</span> <span class='ocrx_word' id='word_1_137' title='bbox 1075 1116 1123 1156; x_wconf 92' lang='lat' dir='ltr'>ab</span> <span class='ocrx_word' id='word_1_138' title='bbox 1146 1121 1308 1156; x_wconf 86' lang='lat' dir='ltr'>auctore</span> <span class='ocrx_word' id='word_1_139' title='bbox 1328 1117 1415 1169; x_wconf 90' lang='lat' dir='ltr'>ipso</span> <span class='ocrx_word' id='word_1_140' title='bbox 1425 1114 1469 1166; x_wconf 84' lang='lat'>2).</span> <span class='ocrx_word' id='word_1_141' title='bbox 1499 1115 1575 1155; x_wconf 91' lang='lat' dir='ltr'>Ne-</span> 
     </span>
     <span class='ocr_line' id='line_1_18' title="bbox 146 1171 1576 1229; baseline -0.003 -13"><span class='ocrx_word' id='word_1_142' title='bbox 146 1189 222 1229; x_wconf 89' lang='lat' dir='ltr'>que</span> <span class='ocrx_word' id='word_1_143' title='bbox 242 1178 373 1215; x_wconf 87' lang='lat' dir='ltr'>minus</span> <span class='ocrx_word' id='word_1_144' title='bbox 394 1187 493 1227; x_wconf 90' lang='lat' dir='ltr'>quae</span> <span class='ocrx_word' id='word_1_145' title='bbox 515 1175 563 1214; x_wconf 91' lang='lat' dir='ltr'>de</span> <span class='ocrx_word' id='word_1_146' title='bbox 585 1175 732 1214; x_wconf 86' lang='lat' dir='ltr'>erroris</span> <span class='ocrx_word' id='word_1_147' title='bbox 754 1180 864 1220; x_wconf 90' lang='lat' dir='ltr'>ortu,</span> <span class='ocrx_word' id='word_1_148' title='bbox 894 1174 943 1213; x_wconf 93' lang='lat' dir='ltr'>de</span> <span class='ocrx_word' id='word_1_149' title='bbox 965 1171 1104 1225; x_wconf 78' lang='grc' dir='ltr'><strong><em>λόγου</em></strong></span> <span class='ocrx_word' id='word_1_150' title='bbox 1133 1172 1352 1213; x_wconf 86' lang='lat' dir='ltr'>rationibus</span> <span class='ocrx_word' id='word_1_151' title='bbox 1381 1172 1576 1224; x_wconf 87' lang='lat' dir='ltr'>disputata</span> 
     </span>
     <span class='ocr_line' id='line_1_19' title="bbox 147 1230 1048 1281; baseline -0.003 -9"><span class='ocrx_word' id='word_1_152' title='bbox 147 1237 257 1277; x_wconf 88' lang='lat' dir='ltr'>sunt,</span> <span class='ocrx_word' id='word_1_153' title='bbox 282 1231 501 1272; x_wconf 90' lang='lat' dir='ltr'>disserendi</span> <span class='ocrx_word' id='word_1_154' title='bbox 521 1230 736 1271; x_wconf 89' lang='lat' dir='ltr'>subtilitate</span> <span class='ocrx_word' id='word_1_155' title='bbox 757 1231 923 1281; x_wconf 84' lang='lat' dir='ltr'>insignia</span> <span class='ocrx_word' id='word_1_156' title='bbox 945 1235 1048 1269; x_wconf 89' lang='lat' dir='ltr'>sunt.</span> 
     </span>
    </p>
   </div>
   <div class='ocr_carea' id='block_1_3' title="bbox 146 1397 1574 1463">
    <p class='ocr_par' dir='ltr' id='par_1_4' title="bbox 146 1397 1574 1463">
     <span class='ocr_line' id='line_1_20' title="bbox 146 1397 1574 1463; baseline -0.002 -14"><span class='ocrx_word' id='word_1_157' title='bbox 146 1399 261 1450; x_wconf 88' lang='lat' dir='ltr'>VH.</span> <span class='ocrx_word' id='word_1_158' title='bbox 300 1399 413 1460; x_wconf 78' lang='lat' dir='ltr'>Quo</span> <span class='ocrx_word' id='word_1_159' title='bbox 440 1398 650 1448; x_wconf 88' lang='lat' dir='ltr'>consilio</span> <span class='ocrx_word' id='word_1_160' title='bbox 676 1398 822 1447; x_wconf 79' lang='lat' dir='ltr'>Plato</span> <span class='ocrx_word' id='word_1_161' title='bbox 847 1398 1179 1447; x_wconf 84' lang='lat' dir='ltr'>Theaetetum</span> <span class='ocrx_word' id='word_1_162' title='bbox 1204 1397 1574 1463; x_wconf 79' lang='lat' dir='ltr'>conscripserit.</span> 
     </span>
    </p>
   </div>
   <div class='ocr_carea' id='block_1_4' title="bbox 203 1513 1577 1620">
    <p class='ocr_par' dir='ltr' id='par_1_5' title="bbox 203 1513 1577 1620">
     <span class='ocr_line' id='line_1_21' title="bbox 203 1513 1577 1563; baseline -0.002 -11"><span class='ocrx_word' id='word_1_163' title='bbox 203 1515 458 1552; x_wconf 80' lang='lat' dir='ltr'>Maximilianus</span> <span class='ocrx_word' id='word_1_164' title='bbox 479 1515 747 1562; x_wconf 78' lang='lat' dir='ltr'>Schneidewin,</span> <span class='ocrx_word' id='word_1_165' title='bbox 764 1515 1057 1563; x_wconf 88' lang='lat' dir='ltr'>disquisitionum</span> <span class='ocrx_word' id='word_1_166' title='bbox 1077 1513 1374 1562; x_wconf 87' lang='lat' dir='ltr'>philosopharum</span> <span class='ocrx_word' id='word_1_167' title='bbox 1394 1513 1438 1549; x_wconf 89' lang='lat' dir='ltr'>de</span> <span class='ocrx_word' id='word_1_168' title='bbox 1457 1513 1577 1550; x_wconf 87' lang='lat' dir='ltr'>Plato-</span> 
     </span>
     <span class='ocr_line' id='line_1_22' title="bbox 315 1569 1555 1620; baseline -0.002 -12"><span class='ocrx_word' id='word_1_169' title='bbox 315 1573 370 1608; x_wconf 92' lang='lat' dir='ltr'>nis</span> <span class='ocrx_word' id='word_1_170' title='bbox 391 1572 576 1608; x_wconf 85' lang='lat' dir='ltr'>Theaeteti</span> <span class='ocrx_word' id='word_1_171' title='bbox 596 1577 698 1620; x_wconf 90' lang='lat' dir='ltr'>parte</span> <span class='ocrx_word' id='word_1_172' title='bbox 717 1572 830 1619; x_wconf 85' lang='lat' dir='ltr'>priori</span> <span class='ocrx_word' id='word_1_173' title='bbox 851 1571 1045 1619; x_wconf 88' lang='lat' dir='ltr'>specimen.</span> <span class='ocrx_word' id='word_1_174' title='bbox 1079 1570 1287 1619; x_wconf 85' lang='lat' dir='ltr'>Gottingae.</span> <span class='ocrx_word' id='word_1_175' title='bbox 1310 1569 1555 1606; x_wconf 86' lang='lat' dir='ltr'>MDCCCLXV.</span> 
     </span>
    </p>
   </div>
   <div class='ocr_carea' id='block_1_5' title="bbox 146 1645 1578 2600">
    <p class='ocr_par' dir='ltr' id='par_1_6' title="bbox 146 1645 1577 1981">
     <span class='ocr_line' id='line_1_23' title="bbox 260 1645 1577 1700; baseline -0.002 -12"><span class='ocrx_word' id='word_1_176' title='bbox 260 1648 347 1688; x_wconf 87' lang='lat' dir='ltr'>Non</span> <span class='ocrx_word' id='word_1_177' title='bbox 369 1648 516 1699; x_wconf 84' lang='lat' dir='ltr'>ambigi</span> <span class='ocrx_word' id='word_1_178' title='bbox 536 1652 667 1700; x_wconf 90' lang='lat' dir='ltr'>potest</span> <span class='ocrx_word' id='word_1_179' title='bbox 687 1647 780 1700; x_wconf 86' lang='lat' dir='ltr'>quid</span> <span class='ocrx_word' id='word_1_180' title='bbox 801 1648 851 1686; x_wconf 91' lang='lat' dir='ltr'>sit</span> <span class='ocrx_word' id='word_1_181' title='bbox 878 1647 984 1699; x_wconf 90' lang='lat' dir='ltr'>quod</span> <span class='ocrx_word' id='word_1_182' title='bbox 1004 1646 1158 1686; x_wconf 89' lang='lat' dir='ltr'>Platoni</span> <span class='ocrx_word' id='word_1_183' title='bbox 1186 1647 1434 1698; x_wconf 88' lang='lat' dir='ltr'>propositum</span> <span class='ocrx_word' id='word_1_184' title='bbox 1457 1645 1577 1686; x_wconf 90' lang='lat' dir='ltr'>fuerit</span> 
     </span>
     <span class='ocr_line' id='line_1_24' title="bbox 147 1702 1577 1755; baseline -0.001 -11"><span class='ocrx_word' id='word_1_185' title='bbox 147 1706 186 1744; x_wconf 93' lang='lat' dir='ltr'>in</span> <span class='ocrx_word' id='word_1_186' title='bbox 207 1705 421 1745; x_wconf 89' lang='lat' dir='ltr'>Theaeteto</span> <span class='ocrx_word' id='word_1_187' title='bbox 443 1704 666 1744; x_wconf 88' lang='lat' dir='ltr'>scribendo.</span> <span class='ocrx_word' id='word_1_188' title='bbox 708 1703 752 1743; x_wconf 92' lang='lat' dir='ltr'>In</span> <span class='ocrx_word' id='word_1_189' title='bbox 775 1704 858 1743; x_wconf 89' lang='lat' dir='ltr'>eius</span> <span class='ocrx_word' id='word_1_190' title='bbox 879 1704 985 1743; x_wconf 91' lang='lat' dir='ltr'>enim</span> <span class='ocrx_word' id='word_1_191' title='bbox 1008 1704 1201 1755; x_wconf 90' lang='lat' dir='ltr'>principio</span> <span class='ocrx_word' id='word_1_192' title='bbox 1224 1703 1406 1743; x_wconf 88' lang='lat' dir='ltr'>Socrates</span> <span class='ocrx_word' id='word_1_193' title='bbox 1428 1702 1476 1743; x_wconf 90' lang='lat' dir='ltr'>de</span> <span class='ocrx_word' id='word_1_194' title='bbox 1498 1714 1577 1753; x_wconf 86' lang='lat' dir='ltr'>quo</span> 
     </span>
     <span class='ocr_line' id='line_1_25' title="bbox 147 1757 1575 1813; baseline -0.001 -13"><span class='ocrx_word' id='word_1_195' title='bbox 147 1761 388 1813; x_wconf 90' lang='lat' dir='ltr'>disceptetur</span> <span class='ocrx_word' id='word_1_196' title='bbox 409 1761 486 1800; x_wconf 91' lang='lat' dir='ltr'>hoc</span> <span class='ocrx_word' id='word_1_197' title='bbox 506 1761 639 1812; x_wconf 85' lang='lat' dir='ltr'>ponit:</span> <span class='ocrx_word' id='word_1_198' title='bbox 661 1759 708 1800; x_wconf 87' lang='grc' dir='ltr'>τί</span> <span class='ocrx_word' id='word_1_199' title='bbox 725 1758 850 1800; x_wconf 81' lang='grc' dir='ltr'><em>ἐστιν</em></span> <span class='ocrx_word' id='word_1_200' title='bbox 868 1757 1150 1812; x_wconf 74' lang='grc' dir='ltr'><em>ἑπιστήμης3)</em></span> <span class='ocrx_word' id='word_1_201' title='bbox 1181 1760 1238 1799; x_wconf 89' lang='lat' dir='ltr'>Ad</span> <span class='ocrx_word' id='word_1_202' title='bbox 1261 1760 1363 1799; x_wconf 88' lang='lat' dir='ltr'>hanc</span> <span class='ocrx_word' id='word_1_203' title='bbox 1380 1760 1575 1811; x_wconf 86' lang='lat' dir='ltr'>quaestio-</span> 
     </span>
     <span class='ocr_line' id='line_1_26' title="bbox 146 1816 1576 1869; baseline -0.001 -13"><span class='ocrx_word' id='word_1_204' title='bbox 146 1829 237 1857; x_wconf 90' lang='lat' dir='ltr'>nem</span> <span class='ocrx_word' id='word_1_205' title='bbox 275 1819 405 1856; x_wconf 90' lang='lat' dir='ltr'>omnia</span> <span class='ocrx_word' id='word_1_206' title='bbox 436 1817 612 1856; x_wconf 87' lang='lat' dir='ltr'>videmus</span> <span class='ocrx_word' id='word_1_207' title='bbox 639 1818 679 1856; x_wconf 92' lang='lat' dir='ltr'>in</span> <span class='ocrx_word' id='word_1_208' title='bbox 709 1816 784 1856; x_wconf 91' lang='lat' dir='ltr'>hoc</span> <span class='ocrx_word' id='word_1_209' title='bbox 813 1828 934 1869; x_wconf 90' lang='lat' dir='ltr'>opere</span> <span class='ocrx_word' id='word_1_210' title='bbox 963 1818 1177 1868; x_wconf 87' lang='lat' dir='ltr'>pertinere.</span> <span class='ocrx_word' id='word_1_211' title='bbox 1226 1816 1415 1855; x_wconf 89' lang='lat' dir='ltr'>Extremo</span> <span class='ocrx_word' id='word_1_212' title='bbox 1444 1820 1576 1855; x_wconf 89' lang='lat' dir='ltr'>tamen</span> 
     </span>
     <span class='ocr_line' id='line_1_27' title="bbox 148 1871 1576 1925; baseline -0.001 -12"><span class='ocrx_word' id='word_1_213' title='bbox 148 1885 331 1913; x_wconf 88' lang='lat' dir='ltr'>sermone</span> <span class='ocrx_word' id='word_1_214' title='bbox 355 1885 434 1912; x_wconf 91' lang='lat' dir='ltr'>non</span> <span class='ocrx_word' id='word_1_215' title='bbox 464 1873 557 1925; x_wconf 91' lang='lat' dir='ltr'>quid</span> <span class='ocrx_word' id='word_1_216' title='bbox 588 1874 638 1912; x_wconf 92' lang='lat' dir='ltr'>sit</span> <span class='ocrx_word' id='word_1_217' title='bbox 665 1873 827 1913; x_wconf 87' lang='lat' dir='ltr'>scientia</span> <span class='ocrx_word' id='word_1_218' title='bbox 854 1874 1058 1912; x_wconf 86' lang='lat' dir='ltr'>inventum</span> <span class='ocrx_word' id='word_1_219' title='bbox 1087 1885 1172 1912; x_wconf 88' lang='lat' dir='ltr'>esse</span> <span class='ocrx_word' id='word_1_220' title='bbox 1201 1871 1312 1912; x_wconf 90' lang='lat' dir='ltr'>Plato</span> <span class='ocrx_word' id='word_1_221' title='bbox 1341 1873 1426 1923; x_wconf 89' lang='lat' dir='ltr'>ipse</span> <span class='ocrx_word' id='word_1_222' title='bbox 1455 1872 1576 1924; x_wconf 81' lang='lat' dir='ltr'>profi·</span> 
     </span>
     <span class='ocr_line' id='line_1_28' title="bbox 148 1928 664 1981; baseline -0.002 -13"><span class='ocrx_word' id='word_1_223' title='bbox 148 1934 274 1974; x_wconf 88' lang='lat' dir='ltr'>tetur,</span> <span class='ocrx_word' id='word_1_224' title='bbox 298 1928 367 1968; x_wconf 90' lang='lat' dir='ltr'>sed</span> <span class='ocrx_word' id='word_1_225' title='bbox 389 1929 483 1981; x_wconf 86' lang='lat' dir='ltr'>quid</span> <span class='ocrx_word' id='word_1_226' title='bbox 503 1941 584 1967; x_wconf 89' lang='lat' dir='ltr'>non</span> <span class='ocrx_word' id='word_1_227' title='bbox 603 1930 664 1969; x_wconf 90' lang='lat' dir='ltr'>sit.</span> 
     </span>
    </p>

    <p class='ocr_par' dir='ltr' id='par_1_7' title="bbox 147 1984 1578 2543">
     <span class='ocr_line' id='line_1_29' title="bbox 260 1984 1576 2035; baseline -0.001 -11"><span class='ocrx_word' id='word_1_228' title='bbox 260 1985 318 2024; x_wconf 88' lang='lat' dir='ltr'>Ad</span> <span class='ocrx_word' id='word_1_229' title='bbox 340 1985 442 2024; x_wconf 89' lang='lat' dir='ltr'>hanc</span> <span class='ocrx_word' id='word_1_230' title='bbox 464 1985 622 2035; x_wconf 87' lang='lat' dir='ltr'>quidem</span> <span class='ocrx_word' id='word_1_231' title='bbox 640 1985 910 2034; x_wconf 88' lang='lat' dir='ltr'>quaestionem</span> <span class='ocrx_word' id='word_1_232' title='bbox 930 1985 1174 2025; x_wconf 84' lang='lat' dir='ltr'>tractandam</span> <span class='ocrx_word' id='word_1_233' title='bbox 1190 1984 1301 2024; x_wconf 88' lang='lat' dir='ltr'>Plato</span> <span class='ocrx_word' id='word_1_234' title='bbox 1324 1997 1402 2024; x_wconf 90' lang='lat' dir='ltr'>non</span> <span class='ocrx_word' id='word_1_235' title='bbox 1427 1990 1576 2024; x_wconf 87' lang='lat' dir='ltr'>tantum</span> 
     </span>
     <span class='ocr_line' id='line_1_30' title="bbox 150 2040 1577 2092; baseline 0 -12"><span class='ocrx_word' id='word_1_236' title='bbox 150 2042 233 2081; x_wconf 90' lang='lat' dir='ltr'>eius</span> <span class='ocrx_word' id='word_1_237' title='bbox 262 2042 450 2092; x_wconf 87' lang='lat' dir='ltr'>gravitate</span> <span class='ocrx_word' id='word_1_238' title='bbox 480 2047 519 2080; x_wconf 92' lang='lat' dir='ltr'>et</span> <span class='ocrx_word' id='word_1_239' title='bbox 545 2041 835 2092; x_wconf 86' lang='lat' dir='ltr'>magnitudine,</span> <span class='ocrx_word' id='word_1_240' title='bbox 871 2041 941 2081; x_wconf 92' lang='lat' dir='ltr'>sed</span> <span class='ocrx_word' id='word_1_241' title='bbox 980 2043 1097 2081; x_wconf 90' lang='lat' dir='ltr'>etiam</span> <span class='ocrx_word' id='word_1_242' title='bbox 1127 2053 1174 2080; x_wconf 89' lang='lat' dir='ltr'>eo</span> <span class='ocrx_word' id='word_1_243' title='bbox 1202 2041 1354 2080; x_wconf 88' lang='lat' dir='ltr'>videtur</span> <span class='ocrx_word' id='word_1_244' title='bbox 1382 2040 1577 2092; x_wconf 89' lang='lat' dir='ltr'>impulsus</span> 
     </span>
     <span class='ocr_line' id='line_1_31' title="bbox 148 2096 1576 2150; baseline -0.002 -12"><span class='ocrx_word' id='word_1_245' title='bbox 148 2109 252 2143; x_wconf 88' lang='lat' dir='ltr'>esse,</span> <span class='ocrx_word' id='word_1_246' title='bbox 276 2097 380 2149; x_wconf 87' lang='lat' dir='ltr'>quod</span> <span class='ocrx_word' id='word_1_247' title='bbox 401 2098 478 2137; x_wconf 90' lang='lat' dir='ltr'>iam</span> <span class='ocrx_word' id='word_1_248' title='bbox 499 2098 602 2136; x_wconf 88' lang='lat' dir='ltr'>inter</span> <span class='ocrx_word' id='word_1_249' title='bbox 623 2096 806 2148; x_wconf 89' lang='lat' dir='ltr'>aequales</span> <span class='ocrx_word' id='word_1_250' title='bbox 827 2109 872 2136; x_wconf 88' lang='lat' dir='ltr'>ea</span> <span class='ocrx_word' id='word_1_251' title='bbox 893 2109 958 2137; x_wconf 90' lang='lat' dir='ltr'>res</span> <span class='ocrx_word' id='word_1_252' title='bbox 974 2096 1141 2136; x_wconf 88' lang='lat' dir='ltr'>multum</span> <span class='ocrx_word' id='word_1_253' title='bbox 1159 2097 1372 2150; x_wconf 86' lang='lat' dir='ltr'>disceptata</span> <span class='ocrx_word' id='word_1_254' title='bbox 1395 2103 1434 2138; x_wconf 93' lang='lat' dir='ltr'>et</span> <span class='ocrx_word' id='word_1_255' title='bbox 1453 2099 1495 2136; x_wconf 92' lang='lat' dir='ltr'>in</span> <span class='ocrx_word' id='word_1_256' title='bbox 1511 2110 1576 2136; x_wconf 89' lang='lat' dir='ltr'>va-</span> 
     </span>
     <span class='ocr_line' id='line_1_32' title="bbox 148 2152 1576 2207; baseline -0.001 -14"><span class='ocrx_word' id='word_1_257' title='bbox 148 2155 227 2193; x_wconf 86' lang='lat' dir='ltr'>rias</span> <span class='ocrx_word' id='word_1_258' title='bbox 247 2160 382 2206; x_wconf 86' lang='lat' dir='ltr'>partes</span> <span class='ocrx_word' id='word_1_259' title='bbox 403 2158 553 2193; x_wconf 86' lang='lat' dir='ltr'>versata</span> <span class='ocrx_word' id='word_1_260' title='bbox 576 2152 713 2206; x_wconf 75' lang='lat' dir='ltr'>erat4).</span> <span class='ocrx_word' id='word_1_261' title='bbox 745 2153 1030 2193; x_wconf 87' lang='lat' dir='ltr'>Tractaverunt</span> <span class='ocrx_word' id='word_1_262' title='bbox 1051 2155 1155 2193; x_wconf 89' lang='lat' dir='ltr'>enirn</span> <span class='ocrx_word' id='word_1_263' title='bbox 1177 2165 1263 2193; x_wconf 88' lang='lat' dir='ltr'>eam</span> <span class='ocrx_word' id='word_1_264' title='bbox 1291 2153 1443 2207; x_wconf 78' lang='lat' dir='ltr'>physici</span> <span class='ocrx_word' id='word_1_265' title='bbox 1463 2153 1576 2193; x_wconf 87' lang='lat' dir='ltr'>Elea-</span> 
     </span>
     <span class='ocr_line' id='line_1_33' title="bbox 148 2209 1576 2263; baseline 0 -14"><span class='ocrx_word' id='word_1_266' title='bbox 148 2215 211 2250; x_wconf 88' lang='lat' dir='ltr'>tae</span> <span class='ocrx_word' id='word_1_267' title='bbox 250 2211 447 2262; x_wconf 88' lang='lat' dir='ltr'>sophistae</span> <span class='ocrx_word' id='word_1_268' title='bbox 487 2222 615 2262; x_wconf 90' lang='lat' dir='ltr'>neque</span> <span class='ocrx_word' id='word_1_269' title='bbox 655 2222 699 2250; x_wconf 88' lang='lat' dir='ltr'>ea</span> <span class='ocrx_word' id='word_1_270' title='bbox 734 2209 781 2249; x_wconf 91' lang='lat' dir='ltr'>lis</span> <span class='ocrx_word' id='word_1_271' title='bbox 819 2211 921 2250; x_wconf 89' lang='lat' dir='ltr'>inter</span> <span class='ocrx_word' id='word_1_272' title='bbox 963 2211 1068 2263; x_wconf 89' lang='lat' dir='ltr'>ipsos</span> <span class='ocrx_word' id='word_1_273' title='bbox 1106 2211 1328 2250; x_wconf 89' lang='lat' dir='ltr'>Socraticos</span> <span class='ocrx_word' id='word_1_274' title='bbox 1368 2210 1576 2256; x_wconf 88' lang='lat' dir='ltr'>conticuit;</span> 
     </span>
     <span class='ocr_line' id='line_1_34' title="bbox 148 2266 1576 2318; baseline 0 -12"><span class='ocrx_word' id='word_1_275' title='bbox 148 2278 316 2318; x_wconf 84' lang='lat' dir='ltr'>magnus</span> <span class='ocrx_word' id='word_1_276' title='bbox 338 2268 442 2306; x_wconf 92' lang='lat' dir='ltr'>enim</span> <span class='ocrx_word' id='word_1_277' title='bbox 473 2267 544 2306; x_wconf 87' lang='lat' dir='ltr'>fuit</span> <span class='ocrx_word' id='word_1_278' title='bbox 572 2278 708 2306; x_wconf 88' lang='lat' dir='ltr'>eorum</span> <span class='ocrx_word' id='word_1_279' title='bbox 738 2278 950 2312; x_wconf 85' lang='lat' dir='ltr'>numerus,</span> <span class='ocrx_word' id='word_1_280' title='bbox 981 2267 1048 2318; x_wconf 91' lang='lat' dir='ltr'>qui</span> <span class='ocrx_word' id='word_1_281' title='bbox 1077 2266 1125 2305; x_wconf 92' lang='lat' dir='ltr'>de</span> <span class='ocrx_word' id='word_1_282' title='bbox 1154 2267 1317 2307; x_wconf 89' lang='lat' dir='ltr'>scientia</span> <span class='ocrx_word' id='word_1_283' title='bbox 1346 2272 1384 2306; x_wconf 88' lang='lat' dir='ltr'>et</span> <span class='ocrx_word' id='word_1_284' title='bbox 1411 2268 1576 2306; x_wconf 87' lang='lat' dir='ltr'>veritate</span> 
     </span>
     <span class='ocr_line' id='line_1_35' title="bbox 149 2320 1578 2375; baseline 0 -13"><span class='ocrx_word' id='word_1_285' title='bbox 149 2323 399 2363; x_wconf 91' lang='lat' dir='ltr'>commentati</span> <span class='ocrx_word' id='word_1_286' title='bbox 420 2329 524 2363; x_wconf 88' lang='lat' dir='ltr'>sunt.</span> <span class='ocrx_word' id='word_1_287' title='bbox 555 2323 922 2363; x_wconf 86' lang='lat' dir='ltr'>Commemorantur</span> <span class='ocrx_word' id='word_1_288' title='bbox 942 2324 1044 2362; x_wconf 90' lang='lat' dir='ltr'>enim</span> <span class='ocrx_word' id='word_1_289' title='bbox 1067 2322 1158 2362; x_wconf 91' lang='lat' dir='ltr'>libri</span> <span class='ocrx_word' id='word_1_290' title='bbox 1180 2323 1350 2363; x_wconf 88' lang='lat' dir='ltr'>Critonis</span> <span class='ocrx_word' id='word_1_291' title='bbox 1371 2320 1475 2375; x_wconf 76' lang='grc' dir='ltr'><em>περὶ</em></span> <span class='ocrx_word' id='word_1_292' title='bbox 1494 2323 1578 2363; x_wconf 85' lang='grc' dir='ltr'>τοῦ</span> 
     </span>
     <span class='ocr_line' id='line_1_36' title="bbox 147 2375 1578 2432; baseline 0 -13"><span class='ocrx_word' id='word_1_293' title='bbox 147 2379 272 2431; x_wconf 79' lang='grc' dir='ltr'><em>γνῶν</em></span> <span class='ocrx_word' id='word_1_294' title='bbox 350 2375 368 2391; x_wconf 79' lang='lat'>&#39;¹</span> <span class='ocrx_word' id='word_1_295' title='bbox 389 2377 492 2431; x_wconf 77' lang='grc' dir='ltr'><em>περὶ</em></span> <span class='ocrx_word' id='word_1_296' title='bbox 514 2376 757 2432; x_wconf 82' lang='grc' dir='ltr'><strong><em>ἐπιστήμης</em></strong></span> <span class='ocrx_word' id='word_1_297' title='bbox 765 2409 778 2431; x_wconf 84' lang='grc'>,</span> <span class='ocrx_word' id='word_1_298' title='bbox 795 2378 842 2418; x_wconf 83' lang='grc' dir='ltr'>τί</span> <span class='ocrx_word' id='word_1_299' title='bbox 857 2375 907 2419; x_wconf 84' lang='grc' dir='ltr'>τὸ</span> <span class='ocrx_word' id='word_1_300' title='bbox 924 2377 1213 2425; x_wconf 76' lang='grc' dir='ltr'><em>ἐπίστασθαις</em></span> <span class='ocrx_word' id='word_1_301' title='bbox 1226 2378 1269 2432; x_wconf 88' lang='lat'>⁵),</span> <span class='ocrx_word' id='word_1_302' title='bbox 1287 2380 1458 2419; x_wconf 90' lang='lat' dir='ltr'>Simonis</span> <span class='ocrx_word' id='word_1_303' title='bbox 1473 2377 1578 2431; x_wconf 79' lang='grc' dir='ltr'><em>περὶ</em></span> 
     </span>
     <span class='ocr_line' id='line_1_37' title="bbox 151 2393 1576 2489; baseline 0 -14"><span class='ocrx_word' id='word_1_304' title='bbox 151 2393 452 2488; x_wconf 47' lang='grc' dir='ltr'>ἐπιστῖξιξξθ),</span> <span class='ocrx_word' id='word_1_305' title='bbox 483 2435 669 2475; x_wconf 88' lang='lat' dir='ltr'>Simmiae</span> <span class='ocrx_word' id='word_1_306' title='bbox 698 2435 878 2475; x_wconf 90' lang='lat' dir='ltr'>Thebani</span> <span class='ocrx_word' id='word_1_307' title='bbox 904 2434 1007 2488; x_wconf 79' lang='grc' dir='ltr'><strong><em>περὶ</em></strong></span> <span class='ocrx_word' id='word_1_308' title='bbox 1038 2432 1251 2488; x_wconf 78' lang='grc' dir='ltr'><em>ἀληθείας</em></span> <span class='ocrx_word' id='word_1_309' title='bbox 1279 2442 1318 2475; x_wconf 93' lang='lat' dir='ltr'>et</span> <span class='ocrx_word' id='word_1_310' title='bbox 1353 2433 1456 2489; x_wconf 78' lang='grc' dir='ltr'><em>περὶ</em></span> <span class='ocrx_word' id='word_1_311' title='bbox 1493 2436 1576 2475; x_wconf 82' lang='grc' dir='ltr'>τοῦ</span> 
     </span>
     <span class='ocr_line' id='line_1_38' title="bbox 150 2488 1547 2543; baseline -0.001 -12"><span class='ocrx_word' id='word_1_312' title='bbox 150 2488 336 2536; x_wconf 77' lang='grc' dir='ltr'><em>εἰδέναις</em></span> <span class='ocrx_word' id='word_1_313' title='bbox 349 2491 376 2542; x_wconf 91' lang='lat'>⁷)</span> <span class='ocrx_word' id='word_1_314' title='bbox 407 2491 480 2531; x_wconf 89' lang='lat' dir='ltr'>alia</span> <span class='ocrx_word' id='word_1_315' title='bbox 503 2492 586 2531; x_wconf 86' lang='lat' dir='ltr'>eius</span> <span class='ocrx_word' id='word_1_316' title='bbox 607 2492 764 2543; x_wconf 82' lang='lat' dir='ltr'>generis</span> <span class='ocrx_word' id='word_1_317' title='bbox 784 2504 906 2543; x_wconf 90' lang='lat' dir='ltr'>opera</span> <span class='ocrx_word' id='word_1_318' title='bbox 927 2492 1013 2532; x_wconf 87' lang='lat' dir='ltr'>aliis</span> <span class='ocrx_word' id='word_1_319' title='bbox 1034 2493 1246 2532; x_wconf 86' lang='lat' dir='ltr'>Socraticis</span> <span class='ocrx_word' id='word_1_320' title='bbox 1266 2491 1495 2532; x_wconf 89' lang='lat' dir='ltr'>tribuuntur</span> <span class='ocrx_word' id='word_1_321' title='bbox 1504 2490 1547 2543; x_wconf 69' lang='grc' dir='ltr'>Β).</span> 
     </span>
    </p>

    <p class='ocr_par' dir='ltr' id='par_1_8' title="bbox 262 2547 1575 2600">
     <span class='ocr_line' id='line_1_39' title="bbox 262 2547 1575 2600; baseline 0 -13"><span class='ocrx_word' id='word_1_322' title='bbox 262 2547 424 2600; x_wconf 89' lang='lat' dir='ltr'>Triplici</span> <span class='ocrx_word' id='word_1_323' title='bbox 461 2548 576 2587; x_wconf 90' lang='lat' dir='ltr'>modo</span> <span class='ocrx_word' id='word_1_324' title='bbox 612 2548 703 2600; x_wconf 85' lang='lat' dir='ltr'>quid</span> <span class='ocrx_word' id='word_1_325' title='bbox 739 2549 790 2588; x_wconf 82' lang='lat' dir='ltr'>sit</span> <span class='ocrx_word' id='word_1_326' title='bbox 823 2549 982 2589; x_wconf 88' lang='lat' dir='ltr'>scientia</span> <span class='ocrx_word' id='word_1_327' title='bbox 1020 2548 1129 2589; x_wconf 90' lang='lat' dir='ltr'>Plato</span> <span class='ocrx_word' id='word_1_328' title='bbox 1165 2554 1329 2589; x_wconf 91' lang='lat' dir='ltr'>conatur</span> <span class='ocrx_word' id='word_1_329' title='bbox 1363 2548 1575 2600; x_wconf 87' lang='lat' dir='ltr'>explicare.</span> 
     </span>
    </p>
   </div>
   <div class='ocr_carea' id='block_1_6' title="bbox 150 2638 407 2644">
    <p class='ocr_par' dir='ltr' id='par_1_9' title="bbox 150 2638 407 2644">
     <span class='ocr_line' id='line_1_40' title="bbox 150 2638 407 2644; baseline 0 0"><span class='ocrx_word' id='word_1_330' title='bbox 150 2638 407 2644; x_wconf 95' lang='lat' dir='ltr'> </span> 
     </span>
    </p>
   </div>
   <div class='ocr_carea' id='block_1_7' title="bbox 147 2691 1577 2917">
    <p class='ocr_par' dir='ltr' id='par_1_10' title="bbox 147 2691 1577 2917">
     <span class='ocr_line' id='line_1_41' title="bbox 242 2691 1574 2738; baseline 0.002 -14"><span class='ocrx_word' id='word_1_331' title='bbox 242 2691 274 2735; x_wconf 94' lang='lat'>1)</span> <span class='ocrx_word' id='word_1_332' title='bbox 294 2692 652 2726; x_wconf 84' lang='lat' dir='ltr'>Schleiermacherus</span> <span class='ocrx_word' id='word_1_333' title='bbox 665 2705 700 2736; x_wconf 89' lang='lat' dir='ltr'>p.</span> <span class='ocrx_word' id='word_1_334' title='bbox 717 2695 780 2727; x_wconf 85' lang='lat'>177</span> <span class='ocrx_word' id='word_1_335' title='bbox 794 2703 846 2736; x_wconf 86' lang='lat' dir='ltr'>sq.</span> <span class='ocrx_word' id='word_1_336' title='bbox 917 2693 951 2736; x_wconf 78' lang='lat'>2)</span> <span class='ocrx_word' id='word_1_337' title='bbox 971 2694 1155 2728; x_wconf 85' lang='lat' dir='ltr'>Socherus</span> <span class='ocrx_word' id='word_1_338' title='bbox 1168 2706 1200 2738; x_wconf 89' lang='lat' dir='ltr'>p.</span> <span class='ocrx_word' id='word_1_339' title='bbox 1211 2696 1290 2728; x_wconf 80' lang='lat'>255.</span> <span class='ocrx_word' id='word_1_340' title='bbox 1361 2694 1396 2735; x_wconf 89' lang='lat'>3)</span> <span class='ocrx_word' id='word_1_341' title='bbox 1415 2705 1449 2736; x_wconf 91' lang='lat' dir='ltr'>p.</span> <span class='ocrx_word' id='word_1_342' title='bbox 1459 2694 1574 2726; x_wconf 82' lang='lat' dir='ltr'>145E.</span> 
     </span>
     <span class='ocr_line' id='line_1_42' title="bbox 147 2737 1576 2783; baseline 0.002 -14"><span class='ocrx_word' id='word_1_343' title='bbox 147 2737 185 2779; x_wconf 87' lang='lat'>4)</span> <span class='ocrx_word' id='word_1_344' title='bbox 211 2737 319 2770; x_wconf 86' lang='lat' dir='ltr'>Plato</span> <span class='ocrx_word' id='word_1_345' title='bbox 343 2738 422 2781; x_wconf 86' lang='lat' dir='ltr'>ipse</span> <span class='ocrx_word' id='word_1_346' title='bbox 447 2738 672 2782; x_wconf 79' lang='lat' dir='ltr'>significavit</span> <span class='ocrx_word' id='word_1_347' title='bbox 697 2739 907 2781; x_wconf 85' lang='lat' dir='ltr'>aequalium</span> <span class='ocrx_word' id='word_1_348' title='bbox 926 2749 1006 2772; x_wconf 84' lang='lat' dir='ltr'>esse</span> <span class='ocrx_word' id='word_1_349' title='bbox 1025 2741 1226 2783; x_wconf 84' lang='lat' dir='ltr'>opiniones,</span> <span class='ocrx_word' id='word_1_350' title='bbox 1248 2750 1338 2783; x_wconf 83' lang='lat' dir='ltr'>quas</span> <span class='ocrx_word' id='word_1_351' title='bbox 1358 2739 1576 2772; x_wconf 87' lang='lat' dir='ltr'>convincere</span> 
     </span>
     <span class='ocr_line' id='line_1_43' title="bbox 150 2781 1575 2828; baseline 0.001 -14"><span class='ocrx_word' id='word_1_352' title='bbox 150 2781 308 2817; x_wconf 84' lang='lat' dir='ltr'>studeat.</span> <span class='ocrx_word' id='word_1_353' title='bbox 358 2782 414 2815; x_wconf 87' lang='lat' dir='ltr'>Cf.</span> <span class='ocrx_word' id='word_1_354' title='bbox 440 2787 564 2819; x_wconf 76' lang='lat' dir='ltr'>annot.</span> <span class='ocrx_word' id='word_1_355' title='bbox 591 2783 638 2816; x_wconf 86' lang='lat' dir='ltr'>ad</span> <span class='ocrx_word' id='word_1_356' title='bbox 663 2794 698 2826; x_wconf 89' lang='lat' dir='ltr'>p.</span> <span class='ocrx_word' id='word_1_357' title='bbox 726 2784 838 2817; x_wconf 82' lang='lat'>1940.</span> <span class='ocrx_word' id='word_1_358' title='bbox 954 2784 989 2826; x_wconf 83' lang='lat'>5)</span> <span class='ocrx_word' id='word_1_359' title='bbox 1015 2786 1122 2828; x_wconf 87' lang='lat' dir='ltr'>Diog.</span> <span class='ocrx_word' id='word_1_360' title='bbox 1148 2787 1214 2820; x_wconf 85' lang='lat' dir='ltr'>La.</span> <span class='ocrx_word' id='word_1_361' title='bbox 1241 2786 1278 2818; x_wconf 95' lang='lat' dir='ltr'>II</span> <span class='ocrx_word' id='word_1_362' title='bbox 1305 2786 1388 2825; x_wconf 80' lang='lat'>121,</span> <span class='ocrx_word' id='word_1_363' title='bbox 1415 2783 1516 2817; x_wconf 85' lang='lat' dir='ltr'>Suid.</span> <span class='ocrx_word' id='word_1_364' title='bbox 1541 2795 1575 2816; x_wconf 82' lang='lat' dir='ltr'>v.</span> 
     </span>
     <span class='ocr_line' id='line_1_44' title="bbox 148 2826 1577 2873; baseline 0.001 -13"><span class='ocrx_word' id='word_1_365' title='bbox 148 2826 309 2868; x_wconf 81' lang='grc' dir='ltr'><strong><em>Κρίτων.</em></strong></span> <span class='ocrx_word' id='word_1_366' title='bbox 415 2828 450 2870; x_wconf 90' lang='grc'>6)</span> <span class='ocrx_word' id='word_1_367' title='bbox 476 2829 584 2871; x_wconf 85' lang='lat' dir='ltr'>Diog.</span> <span class='ocrx_word' id='word_1_368' title='bbox 611 2830 678 2861; x_wconf 83' lang='lat' dir='ltr'>La.</span> <span class='ocrx_word' id='word_1_369' title='bbox 703 2829 739 2861; x_wconf 90' lang='lat'>11</span> <span class='ocrx_word' id='word_1_370' title='bbox 765 2831 841 2864; x_wconf 78' lang='lat'>122.</span> <span class='ocrx_word' id='word_1_371' title='bbox 951 2827 985 2873; x_wconf 81' lang='lat'>7)</span> <span class='ocrx_word' id='word_1_372' title='bbox 1011 2830 1104 2863; x_wconf 87' lang='lat' dir='ltr'>Ibid.</span> <span class='ocrx_word' id='word_1_373' title='bbox 1131 2831 1207 2865; x_wconf 84' lang='lat'>124.</span> <span class='ocrx_word' id='word_1_374' title='bbox 1316 2829 1352 2871; x_wconf 85' lang='lat'>8)</span> <span class='ocrx_word' id='word_1_375' title='bbox 1379 2828 1435 2862; x_wconf 84' lang='lat' dir='ltr'>Cf.</span> <span class='ocrx_word' id='word_1_376' title='bbox 1463 2829 1577 2862; x_wconf 81' lang='lat' dir='ltr'>Stall-</span> 
     </span>
     <span class='ocr_line' id='line_1_45' title="bbox 148 2872 909 2917; baseline 0.004 -13"><span class='ocrx_word' id='word_1_377' title='bbox 148 2872 316 2905; x_wconf 83' lang='lat' dir='ltr'>baumius</span> <span class='ocrx_word' id='word_1_378' title='bbox 342 2872 386 2905; x_wconf 86' lang='lat' dir='ltr'>de</span> <span class='ocrx_word' id='word_1_379' title='bbox 410 2883 487 2915; x_wconf 75' lang='lat' dir='ltr'>arg.</span> <span class='ocrx_word' id='word_1_380' title='bbox 510 2875 544 2915; x_wconf 86' lang='lat'>4,</span> <span class='ocrx_word' id='word_1_381' title='bbox 571 2875 631 2915; x_wconf 89' lang='lat'>11,</span> <span class='ocrx_word' id='word_1_382' title='bbox 657 2874 794 2917; x_wconf 85' lang='lat' dir='ltr'>proleg.</span> <span class='ocrx_word' id='word_1_383' title='bbox 820 2876 852 2916; x_wconf 92' lang='lat'>1,</span> <span class='ocrx_word' id='word_1_384' title='bbox 877 2875 909 2907; x_wconf 90' lang='grc'>8.</span> 
     </span>
    </p>
   </div>
  </div>
 </body>
</html>
