<?xml version="1.0" encoding="UTF-8"?>
<!DOCTYPE html PUBLIC "-//W3C//DTD XHTML 1.0 Transitional//EN"
    "http://www.w3.org/TR/xhtml1/DTD/xhtml1-transitional.dtd">
<html xmlns="http://www.w3.org/1999/xhtml" xml:lang="en" lang="en">
 <head>
  <title>
</title>
<meta http-equiv="Content-Type" content="text/html;charset=utf-8" />
  <meta name='ocr-system' content='tesseract 3.04.00' />
  <meta name='ocr-capabilities' content='ocr_page ocr_carea ocr_par ocr_line ocrx_word'/>
</head>
<body>
  <div class='ocr_page' id='page_1' title='image "./operaomniarecens08platuoft_0189.png"; bbox 0 0 1748 2950; ppageno 0'>
   <div class='ocr_carea' id='block_1_1' title="bbox 645 47 1499 90">
    <p class='ocr_par' dir='ltr' id='par_1_1' title="bbox 645 47 1499 90">
     <span class='ocr_line' id='line_1_1' title="bbox 645 47 1499 90; baseline 0 0"><span class='ocrx_word' id='word_1_1' title='bbox 645 53 942 90; x_wconf 77' lang='grc' dir='ltr'><em>ΘΕΑΙΤΗΤΟΣ.</em></span> <span class='ocrx_word' id='word_1_2' title='bbox 1419 47 1499 90; x_wconf 90' lang='grc'><em>177</em></span> 
     </span>
    </p>
   </div>
   <div class='ocr_carea' id='block_1_2' title="bbox 38 170 1592 1732">
    <p class='ocr_par' dir='ltr' id='par_1_2' title="bbox 84 170 1592 369">
     <span class='ocr_line' id='line_1_2' title="bbox 84 170 1592 238; baseline -0.01 -13"><span class='ocrx_word' id='word_1_3' title='bbox 84 175 240 238; x_wconf 82' lang='grc' dir='ltr'><em>στερᾶς</em></span> <span class='ocrx_word' id='word_1_4' title='bbox 273 175 303 236; x_wconf 80' lang='grc' dir='ltr'>ἥ</span> <span class='ocrx_word' id='word_1_5' title='bbox 333 195 376 222; x_wconf 89' lang='grc' dir='ltr'><em>τι</em></span> <span class='ocrx_word' id='word_1_6' title='bbox 399 173 506 221; x_wconf 81' lang='grc' dir='ltr'><em>ἄλλο</em></span> <span class='ocrx_word' id='word_1_7' title='bbox 528 170 757 233; x_wconf 82' lang='grc' dir='ltr'><strong><em>θηρεύσας</em></strong></span> <span class='ocrx_word' id='word_1_8' title='bbox 780 179 894 217; x_wconf 77' lang='grc' dir='ltr'><em>οἴκοι</em></span> <span class='ocrx_word' id='word_1_9' title='bbox 919 181 1358 227; x_wconf 83' lang='grc' dir='ltr'><em>κατασκευασαμενος</em></span> <span class='ocrx_word' id='word_1_10' title='bbox 1383 184 1501 226; x_wconf 85' lang='grc' dir='ltr'><em>περι·</em></span> <span class='ocrx_word' id='word_1_11' title='bbox 1529 175 1592 206; x_wconf 82' lang='grc'><em>197</em></span> 
     </span>
     <span class='ocr_line' id='line_1_3' title="bbox 87 235 1502 304; baseline -0.009 -11"><span class='ocrx_word' id='word_1_12' title='bbox 87 247 311 304; x_wconf 77' lang='grc' dir='ltr'><em>στερεῶνα</em></span> <span class='ocrx_word' id='word_1_13' title='bbox 340 245 505 302; x_wconf 78' lang='grc' dir='ltr'><strong><em>τρέφοι.</em></strong></span> <span class='ocrx_word' id='word_1_14' title='bbox 565 240 729 302; x_wconf 87' lang='grc' dir='ltr'><em>τρόπον</em></span> <span class='ocrx_word' id='word_1_15' title='bbox 760 239 844 299; x_wconf 74' lang='grc' dir='ltr'><em>μὲν</em></span> <span class='ocrx_word' id='word_1_16' title='bbox 875 237 959 297; x_wconf 79' lang='grc' dir='ltr'><em>γὰρ</em></span> <span class='ocrx_word' id='word_1_17' title='bbox 991 257 1048 284; x_wconf 89' lang='grc' dir='ltr'><em>αν</em></span> <span class='ocrx_word' id='word_1_18' title='bbox 1084 235 1174 283; x_wconf 79' lang='grc' dir='ltr'><em>πού</em></span> <span class='ocrx_word' id='word_1_19' title='bbox 1203 254 1304 282; x_wconf 86' lang='grc' dir='ltr'><em>τινα</em></span> <span class='ocrx_word' id='word_1_20' title='bbox 1336 245 1502 294; x_wconf 82' lang='grc' dir='ltr'><em>φαῖμεν</em></span> 
     </span>
     <span class='ocr_line' id='line_1_4' title="bbox 87 299 1265 369; baseline -0.009 -8"><span class='ocrx_word' id='word_1_21' title='bbox 87 313 228 361; x_wconf 82' lang='grc' dir='ltr'><em>αὐτὸν</em></span> <span class='ocrx_word' id='word_1_22' title='bbox 251 331 390 366; x_wconf 89' lang='grc' dir='ltr'><em>αυτας</em></span> <span class='ocrx_word' id='word_1_23' title='bbox 412 310 480 358; x_wconf 78' lang='grc' dir='ltr'><em>ἀεὶ</em></span> <span class='ocrx_word' id='word_1_24' title='bbox 507 315 646 369; x_wconf 83' lang='grc' dir='ltr'><em>ἔχειν,</em></span> <span class='ocrx_word' id='word_1_25' title='bbox 670 328 737 355; x_wconf 88' lang='grc' dir='ltr'><em>οτι</em></span> <span class='ocrx_word' id='word_1_26' title='bbox 763 308 818 366; x_wconf 83' lang='grc' dir='ltr'><em>δὴ</em></span> <span class='ocrx_word' id='word_1_27' title='bbox 843 309 1055 365; x_wconf 82' lang='grc' dir='ltr'><em>κέκτηται.</em></span> <span class='ocrx_word' id='word_1_28' title='bbox 1104 299 1132 364; x_wconf 81' lang='grc' dir='ltr'><strong><em>ἦ</em></strong></span> <span class='ocrx_word' id='word_1_29' title='bbox 1158 303 1265 364; x_wconf 78' lang='grc' dir='ltr'><em>γάρ;</em></span> 
     </span>
    </p>

    <p class='ocr_par' dir='ltr' id='par_1_3' title="bbox 190 383 503 428">
     <span class='ocr_line' id='line_1_5' title="bbox 190 383 503 428; baseline -0.013 0"><span class='ocrx_word' id='word_1_30' title='bbox 190 387 348 428; x_wconf 86' lang='grc' dir='ltr'><em>ΘΕΑΙ.</em></span> <span class='ocrx_word' id='word_1_31' title='bbox 398 383 503 425; x_wconf 85' lang='grc' dir='ltr'><em>Ναί.</em></span> 
     </span>
    </p>

    <p class='ocr_par' dir='ltr' id='par_1_4' title="bbox 54 437 1563 780">
     <span class='ocr_line' id='line_1_6' title="bbox 54 437 1504 506; baseline -0.008 -9"><span class='ocrx_word' id='word_1_32' title='bbox 54 467 70 491; x_wconf 84' lang='grc'>5</span> <span class='ocrx_word' id='word_1_33' title='bbox 190 455 289 496; x_wconf 71' lang='grc' dir='ltr'><em>ΣΩ.</em></span> <span class='ocrx_word' id='word_1_34' title='bbox 345 447 519 506; x_wconf 85' lang='grc' dir='ltr'><em>Τρόπον</em></span> <span class='ocrx_word' id='word_1_35' title='bbox 545 447 597 492; x_wconf 84' lang='grc' dir='ltr'><em>δέ</em></span> <span class='ocrx_word' id='word_1_36' title='bbox 618 443 660 504; x_wconf 83' lang='grc' dir='ltr'><em>γ’</em></span> <span class='ocrx_word' id='word_1_37' title='bbox 690 443 826 491; x_wconf 72' lang='grc' dir='ltr'><em>ἄλλον</em></span> <span class='ocrx_word' id='word_1_38' title='bbox 858 442 1073 502; x_wconf 76' lang='grc' dir='ltr'><em>οὐδεμίαν</em></span> <span class='ocrx_word' id='word_1_39' title='bbox 1110 447 1248 501; x_wconf 83' lang='grc' dir='ltr'><em>ἔχειν,</em></span> <span class='ocrx_word' id='word_1_40' title='bbox 1281 437 1393 486; x_wconf 70' lang='grc' dir='ltr'><em>ἀλλὰ</em></span> <span class='ocrx_word' id='word_1_41' title='bbox 1428 438 1504 485; x_wconf 86' lang='grc' dir='ltr'><em>δυ’-</em></span> 
     </span>
     <span class='ocr_line' id='line_1_7' title="bbox 87 507 1506 578; baseline -0.008 -13"><span class='ocrx_word' id='word_1_42' title='bbox 87 537 222 578; x_wconf 87' lang='grc' dir='ltr'><em>ναμιν</em></span> <span class='ocrx_word' id='word_1_43' title='bbox 262 517 345 576; x_wconf 78' lang='grc' dir='ltr'><em>μὲν</em></span> <span class='ocrx_word' id='word_1_44' title='bbox 382 513 502 577; x_wconf 75' lang='grc' dir='ltr'><em>αὐτῷ</em></span> <span class='ocrx_word' id='word_1_45' title='bbox 545 516 646 574; x_wconf 81' lang='grc' dir='ltr'><em>περὶ</em></span> <span class='ocrx_word' id='word_1_46' title='bbox 681 510 816 566; x_wconf 74' lang='grc' dir='ltr'><em>αὐτὰς</em></span> <span class='ocrx_word' id='word_1_47' title='bbox 854 513 1228 570; x_wconf 75' lang='grc' dir='ltr'><em>παραγεγονέναι,</em></span> <span class='ocrx_word' id='word_1_48' title='bbox 1271 507 1424 567; x_wconf 84' lang='grc' dir='ltr'><em>ἐπειδὴ</em></span> <span class='ocrx_word' id='word_1_49' title='bbox 1458 511 1506 554; x_wconf 88' lang='grc' dir='ltr'><em>ἐν</em></span> 
     </span>
     <span class='ocr_line' id='line_1_8' title="bbox 87 578 1507 648; baseline -0.007 -16"><span class='ocrx_word' id='word_1_50' title='bbox 87 590 236 648; x_wconf 78' lang='grc' dir='ltr'><strong><em>οἰκείῳ</em></strong></span> <span class='ocrx_word' id='word_1_51' title='bbox 259 582 481 646; x_wconf 76' lang='grc' dir='ltr'><strong><em>περιβόλῳ</em></strong></span> <span class='ocrx_word' id='word_1_52' title='bbox 506 579 788 642; x_wconf 79' lang='grc' dir='ltr'><strong><em>ὑποχειρίους</em></strong></span> <span class='ocrx_word' id='word_1_53' title='bbox 814 580 1063 639; x_wconf 81' lang='grc' dir='ltr'><em>ἐποιήσατο,</em></span> <span class='ocrx_word' id='word_1_54' title='bbox 1088 585 1244 638; x_wconf 83' lang='grc' dir='ltr'><em>λαβεῖν</em></span> <span class='ocrx_word' id='word_1_55' title='bbox 1267 578 1341 624; x_wconf 81' lang='grc' dir='ltr'><em>καὶ</em></span> <span class='ocrx_word' id='word_1_56' title='bbox 1366 586 1507 636; x_wconf 82' lang='grc' dir='ltr'><em>σχεῖν,</em></span> 
     </span>
     <span class='ocr_line' id='line_1_9' title="bbox 88 645 1563 729; baseline -0.007 -29"><span class='ocrx_word' id='word_1_57' title='bbox 88 653 271 701; x_wconf 82' lang='grc' dir='ltr'><em>ἐπειδὰν</em></span> <span class='ocrx_word' id='word_1_58' title='bbox 304 651 540 712; x_wconf 80' lang='grc' dir='ltr'><em>βούληται,</em></span> <span class='ocrx_word' id='word_1_59' title='bbox 583 650 907 729; x_wconf 75' lang='grc' dir='ltr'><em>θηρευσαμένῳ</em></span> <span class='ocrx_word' id='word_1_60' title='bbox 948 646 1006 707; x_wconf 82' lang='grc' dir='ltr'><em>ἢν</em></span> <span class='ocrx_word' id='word_1_61' title='bbox 1043 668 1100 694; x_wconf 90' lang='grc' dir='ltr'><em>αν</em></span> <span class='ocrx_word' id='word_1_62' title='bbox 1140 645 1210 694; x_wconf 81' lang='grc' dir='ltr'><em>ἀεὶ</em></span> <span class='ocrx_word' id='word_1_63' title='bbox 1242 647 1401 706; x_wconf 81' lang='grc' dir='ltr'><em>ἐθέλῃ,</em></span> <span class='ocrx_word' id='word_1_64' title='bbox 1433 646 1507 690; x_wconf 81' lang='grc' dir='ltr'><em>καὶ</em></span> <span class='ocrx_word' id='word_1_65' title='bbox 1530 655 1563 686; x_wconf 91' lang='lat' dir='ltr'>D</span> 
     </span>
     <span class='ocr_line' id='line_1_10' title="bbox 87 712 1509 780; baseline -0.006 -12"><span class='ocrx_word' id='word_1_66' title='bbox 87 721 222 768; x_wconf 86' lang='grc' dir='ltr'><em>παλιν</em></span> <span class='ocrx_word' id='word_1_67' title='bbox 245 718 446 780; x_wconf 77' lang='grc' dir='ltr'><em>ἀφιέναι</em></span> <span class='ocrx_word' id='word_1_68' title='bbox 472 721 547 766; x_wconf 84' lang='grc' dir='ltr'><em>καὶ</em></span> <span class='ocrx_word' id='word_1_69' title='bbox 569 721 698 765; x_wconf 79' lang='grc' dir='ltr'><em>τοῦτο</em></span> <span class='ocrx_word' id='word_1_70' title='bbox 723 719 884 772; x_wconf 78' lang='grc' dir='ltr'><em>ἐξεῖναι</em></span> <span class='ocrx_word' id='word_1_71' title='bbox 903 728 1064 774; x_wconf 82' lang='grc' dir='ltr'><em>ποιεῖν,</em></span> <span class='ocrx_word' id='word_1_72' title='bbox 1088 712 1299 769; x_wconf 84' lang='grc' dir='ltr'><em>ὁποσακις</em></span> <span class='ocrx_word' id='word_1_73' title='bbox 1317 734 1373 760; x_wconf 90' lang='grc' dir='ltr'><em>αν</em></span> <span class='ocrx_word' id='word_1_74' title='bbox 1398 715 1509 773; x_wconf 82' lang='grc' dir='ltr'><em>δοκῇ</em></span> 
     </span>
    </p>

    <p class='ocr_par' dir='ltr' id='par_1_5' title="bbox 38 787 221 852">
     <span class='ocr_line' id='line_1_11' title="bbox 38 787 221 852; baseline -0.006 -16"><span class='ocrx_word' id='word_1_75' title='bbox 38 806 70 831; x_wconf 90' lang='lat'><em>10</em></span> <span class='ocrx_word' id='word_1_76' title='bbox 89 787 221 852; x_wconf 79' lang='grc' dir='ltr'><em>αὐτῷ.</em></span> 
     </span>
    </p>

    <p class='ocr_par' dir='ltr' id='par_1_6' title="bbox 192 854 685 904">
     <span class='ocr_line' id='line_1_12' title="bbox 192 854 685 904; baseline -0.01 1"><span class='ocrx_word' id='word_1_77' title='bbox 192 863 351 904; x_wconf 83' lang='grc' dir='ltr'><em>ΘΕΑΙ.</em></span> <span class='ocrx_word' id='word_1_78' title='bbox 386 854 510 902; x_wconf 75' lang='grc' dir='ltr'><em>’Ἐστι</em></span> <span class='ocrx_word' id='word_1_79' title='bbox 532 859 685 901; x_wconf 81' lang='grc' dir='ltr'><em>ταῦτα.</em></span> 
     </span>
    </p>

    <p class='ocr_par' dir='ltr' id='par_1_7' title="bbox 91 918 1513 1121">
     <span class='ocr_line' id='line_1_13' title="bbox 192 918 1512 982; baseline -0.005 -10"><span class='ocrx_word' id='word_1_80' title='bbox 192 932 290 972; x_wconf 78' lang='grc' dir='ltr'><em>ΣΩ.</em></span> <span class='ocrx_word' id='word_1_81' title='bbox 340 922 488 971; x_wconf 78' lang='grc' dir='ltr'><em>Πάλιν</em></span> <span class='ocrx_word' id='word_1_82' title='bbox 513 921 593 981; x_wconf 83' lang='grc' dir='ltr'><em>δή,</em></span> <span class='ocrx_word' id='word_1_83' title='bbox 628 921 777 982; x_wconf 74' lang='grc' dir='ltr'><em>ὥσπερ</em></span> <span class='ocrx_word' id='word_1_84' title='bbox 810 924 859 968; x_wconf 87' lang='grc' dir='ltr'><em>ἐν</em></span> <span class='ocrx_word' id='word_1_85' title='bbox 892 932 987 976; x_wconf 81' lang='grc' dir='ltr'><em>τοῖς</em></span> <span class='ocrx_word' id='word_1_86' title='bbox 1019 920 1222 981; x_wconf 83' lang='grc' dir='ltr'><em>πρόσθεν</em></span> <span class='ocrx_word' id='word_1_87' title='bbox 1254 918 1440 979; x_wconf 85' lang='grc' dir='ltr'><em>κήρινόν</em></span> <span class='ocrx_word' id='word_1_88' title='bbox 1470 939 1512 965; x_wconf 89' lang='grc' dir='ltr'><em>τι</em></span> 
     </span>
     <span class='ocr_line' id='line_1_14' title="bbox 91 987 1513 1051; baseline -0.005 -11"><span class='ocrx_word' id='word_1_89' title='bbox 91 996 140 1040; x_wconf 86' lang='grc' dir='ltr'><em>ἐν</em></span> <span class='ocrx_word' id='word_1_90' title='bbox 162 1005 258 1046; x_wconf 86' lang='grc' dir='ltr'><em>ταῖς</em></span> <span class='ocrx_word' id='word_1_91' title='bbox 282 1002 444 1051; x_wconf 85' lang='grc' dir='ltr'><em>ψυχαῖς</em></span> <span class='ocrx_word' id='word_1_92' title='bbox 468 989 844 1050; x_wconf 79' lang='grc' dir='ltr'><em>κατεσκευάζομεν</em></span> <span class='ocrx_word' id='word_1_93' title='bbox 868 989 950 1036; x_wconf 85' lang='grc' dir='ltr'><em>οὐκ</em></span> <span class='ocrx_word' id='word_1_94' title='bbox 974 989 1066 1036; x_wconf 81' lang='grc' dir='ltr'><em>οἷδ’</em></span> <span class='ocrx_word' id='word_1_95' title='bbox 1091 988 1115 1035; x_wconf 80' lang='grc' dir='ltr'>ὅ</span> <span class='ocrx_word' id='word_1_96' title='bbox 1139 1009 1180 1035; x_wconf 91' lang='grc' dir='ltr'><em>τι</em></span> <span class='ocrx_word' id='word_1_97' title='bbox 1204 987 1401 1048; x_wconf 79' lang='grc' dir='ltr'><em>πλάσμα,</em></span> <span class='ocrx_word' id='word_1_98' title='bbox 1426 991 1513 1034; x_wconf 86' lang='grc' dir='ltr'><em>νῦν</em></span> 
     </span>
     <span class='ocr_line' id='line_1_15' title="bbox 91 1055 1510 1121; baseline -0.005 -12"><span class='ocrx_word' id='word_1_99' title='bbox 91 1055 150 1108; x_wconf 77' lang='grc' dir='ltr'><em>αὖ</em></span> <span class='ocrx_word' id='word_1_100' title='bbox 174 1064 223 1109; x_wconf 87' lang='grc' dir='ltr'><em>ἐν</em></span> <span class='ocrx_word' id='word_1_101' title='bbox 246 1059 406 1121; x_wconf 77' lang='grc' dir='ltr'><em>ἑκάστῃ</em></span> <span class='ocrx_word' id='word_1_102' title='bbox 439 1063 559 1119; x_wconf 83' lang='grc' dir='ltr'><em>ψυχῇ</em></span> <span class='ocrx_word' id='word_1_103' title='bbox 592 1058 847 1118; x_wconf 82' lang='grc' dir='ltr'><em>ποιήσωμεν</em></span> <span class='ocrx_word' id='word_1_104' title='bbox 870 1056 1197 1118; x_wconf 77' lang='grc' dir='ltr'><em>περιστερεῶνοὲ</em></span> <span class='ocrx_word' id='word_1_105' title='bbox 1219 1077 1319 1104; x_wconf 88' lang='grc' dir='ltr'><em>τινα</em></span> <span class='ocrx_word' id='word_1_106' title='bbox 1352 1075 1510 1103; x_wconf 77' lang='grc' dir='ltr'><em>παντο-</em></span> 
     </span>
    </p>

    <p class='ocr_par' dir='ltr' id='par_1_8' title="bbox 42 1124 1511 1324">
     <span class='ocr_line' id='line_1_16' title="bbox 42 1124 1511 1187; baseline -0.003 -12"><span class='ocrx_word' id='word_1_107' title='bbox 42 1146 73 1171; x_wconf 82' lang='lat'><em>15</em></span> <span class='ocrx_word' id='word_1_108' title='bbox 94 1133 250 1176; x_wconf 75' lang='grc' dir='ltr'><em>δαπῶν</em></span> <span class='ocrx_word' id='word_1_109' title='bbox 283 1127 506 1187; x_wconf 82' lang='grc' dir='ltr'><em>ὀρνίθων,</em></span> <span class='ocrx_word' id='word_1_110' title='bbox 543 1127 621 1181; x_wconf 76' lang='grc' dir='ltr'><em>τὰς</em></span> <span class='ocrx_word' id='word_1_111' title='bbox 654 1128 736 1187; x_wconf 75' lang='grc' dir='ltr'><em>μὲν</em></span> <span class='ocrx_word' id='word_1_112' title='bbox 767 1125 865 1173; x_wconf 84' lang='grc' dir='ltr'><em>κατ’</em></span> <span class='ocrx_word' id='word_1_113' title='bbox 891 1124 1052 1185; x_wconf 75' lang='grc' dir='ltr'><em>ἀγέλας</em></span> <span class='ocrx_word' id='word_1_114' title='bbox 1084 1124 1223 1179; x_wconf 75' lang='grc' dir='ltr'><em>οὔσας</em></span> <span class='ocrx_word' id='word_1_115' title='bbox 1255 1128 1388 1185; x_wconf 84' lang='grc' dir='ltr'><em>χωρὶς</em></span> <span class='ocrx_word' id='word_1_116' title='bbox 1420 1128 1511 1171; x_wconf 78' lang='grc' dir='ltr'><em>τῶν</em></span> 
     </span>
     <span class='ocr_line' id='line_1_17' title="bbox 92 1191 1510 1254; baseline -0.002 -12"><span class='ocrx_word' id='word_1_117' title='bbox 92 1195 257 1254; x_wconf 76' lang='grc' dir='ltr'><em>ἄλλων,</em></span> <span class='ocrx_word' id='word_1_118' title='bbox 275 1196 352 1250; x_wconf 77' lang='grc' dir='ltr'><em>τὰς</em></span> <span class='ocrx_word' id='word_1_119' title='bbox 377 1197 425 1242; x_wconf 75' lang='grc' dir='ltr'><em>δὲ</em></span> <span class='ocrx_word' id='word_1_120' title='bbox 448 1194 544 1242; x_wconf 82' lang='grc' dir='ltr'><em>κατ’</em></span> <span class='ocrx_word' id='word_1_121' title='bbox 568 1194 734 1254; x_wconf 83' lang='grc' dir='ltr'><em>ὀλίγας,</em></span> <span class='ocrx_word' id='word_1_122' title='bbox 762 1198 879 1248; x_wconf 85' lang='grc' dir='ltr'><em>ἐνίας</em></span> <span class='ocrx_word' id='word_1_123' title='bbox 907 1195 956 1240; x_wconf 77' lang='grc' dir='ltr'><em>δὲ</em></span> <span class='ocrx_word' id='word_1_124' title='bbox 979 1194 1116 1254; x_wconf 88' lang='grc' dir='ltr'><em>μόνας</em></span> <span class='ocrx_word' id='word_1_125' title='bbox 1142 1192 1216 1241; x_wconf 71' lang='grc' dir='ltr'><em>διὰ</em></span> <span class='ocrx_word' id='word_1_126' title='bbox 1241 1196 1398 1240; x_wconf 73' lang='grc' dir='ltr'><em>πασῶν</em></span> <span class='ocrx_word' id='word_1_127' title='bbox 1420 1191 1510 1253; x_wconf 77' lang='grc' dir='ltr'><em>ὅπῃ</em></span> 
     </span>
     <span class='ocr_line' id='line_1_18' title="bbox 91 1263 612 1324; baseline 0 -14"><span class='ocrx_word' id='word_1_128' title='bbox 91 1263 148 1312; x_wconf 79' lang='grc' dir='ltr'><em>ἂν</em></span> <span class='ocrx_word' id='word_1_129' title='bbox 170 1263 336 1324; x_wconf 83' lang='grc' dir='ltr'><em>τύχωσι</em></span> <span class='ocrx_word' id='word_1_130' title='bbox 359 1265 612 1323; x_wconf 82' lang='grc' dir='ltr'><em>πετομένας.</em></span> 
     </span>
    </p>

    <p class='ocr_par' dir='ltr' id='par_1_9' title="bbox 197 1329 1563 1391">
     <span class='ocr_line' id='line_1_19' title="bbox 197 1329 1563 1391; baseline -0.005 -12"><span class='ocrx_word' id='word_1_131' title='bbox 197 1339 355 1380; x_wconf 87' lang='grc' dir='ltr'><em>ΘΕΑΙ.</em></span> <span class='ocrx_word' id='word_1_132' title='bbox 405 1330 678 1391; x_wconf 83' lang='grc' dir='ltr'><em>Πεποιήσθω</em></span> <span class='ocrx_word' id='word_1_133' title='bbox 704 1330 773 1391; x_wconf 84' lang='grc' dir='ltr'><em>δή.</em></span> <span class='ocrx_word' id='word_1_134' title='bbox 821 1329 933 1378; x_wconf 77' lang='grc' dir='ltr'><em>ἄλλα</em></span> <span class='ocrx_word' id='word_1_135' title='bbox 956 1337 1002 1377; x_wconf 91' lang='grc' dir='ltr'><em>τί</em></span> <span class='ocrx_word' id='word_1_136' title='bbox 1021 1330 1317 1386; x_wconf 80' lang='grc' dir='ltr'><em>τοῦντεῦθεν;</em></span> <span class='ocrx_word' id='word_1_137' title='bbox 1535 1341 1563 1372; x_wconf 83' lang='grc' dir='ltr'><strong>Ε</strong></span> 
     </span>
    </p>

    <p class='ocr_par' dir='ltr' id='par_1_10' title="bbox 196 1397 1511 1488">
     <span class='ocr_line' id='line_1_20' title="bbox 196 1397 1511 1488; baseline -0.002 -41"><span class='ocrx_word' id='word_1_138' title='bbox 196 1408 296 1448; x_wconf 75' lang='grc' dir='ltr'><em>ΣΩ.</em></span> <span class='ocrx_word' id='word_1_139' title='bbox 344 1405 550 1447; x_wconf 85' lang='grc' dir='ltr'><em>Παιδίων</em></span> <span class='ocrx_word' id='word_1_140' title='bbox 575 1400 664 1488; x_wconf 78' lang='grc' dir='ltr'><em>μὲν</em></span> <span class='ocrx_word' id='word_1_141' title='bbox 693 1399 837 1447; x_wconf 77' lang='grc' dir='ltr'><em>ὄντων</em></span> <span class='ocrx_word' id='word_1_142' title='bbox 867 1398 1007 1459; x_wconf 73' lang='grc' dir='ltr'><em>φάναι</em></span> <span class='ocrx_word' id='word_1_143' title='bbox 1038 1400 1120 1460; x_wconf 80' lang='grc' dir='ltr'><em>χρὴ</em></span> <span class='ocrx_word' id='word_1_144' title='bbox 1153 1400 1269 1446; x_wconf 83' lang='grc' dir='ltr'><em>εἶναι</em></span> <span class='ocrx_word' id='word_1_145' title='bbox 1301 1402 1431 1445; x_wconf 79' lang='grc' dir='ltr'><em>τοῦτο</em></span> <span class='ocrx_word' id='word_1_146' title='bbox 1462 1397 1511 1445; x_wconf 86' lang='grc' dir='ltr'><strong><em>τό</em></strong></span> 
     </span>
    </p>

    <p class='ocr_par' dir='ltr' id='par_1_11' title="bbox 43 1467 1513 1732">
     <span class='ocr_line' id='line_1_21' title="bbox 43 1467 1510 1528; baseline -0.001 -15"><span class='ocrx_word' id='word_1_147' title='bbox 43 1488 76 1513; x_wconf 79' lang='lat'><em>20</em></span> <span class='ocrx_word' id='word_1_148' title='bbox 95 1468 276 1528; x_wconf 88' lang='grc' dir='ltr'><em>αγγεῖον</em></span> <span class='ocrx_word' id='word_1_149' title='bbox 299 1467 455 1527; x_wconf 83' lang='grc' dir='ltr'><em>κενόν,</em></span> <span class='ocrx_word' id='word_1_150' title='bbox 489 1467 589 1515; x_wconf 87' lang='grc' dir='ltr'><em>αντὶ</em></span> <span class='ocrx_word' id='word_1_151' title='bbox 622 1469 671 1514; x_wconf 84' lang='grc' dir='ltr'><em>δε</em></span> <span class='ocrx_word' id='word_1_152' title='bbox 703 1473 792 1515; x_wconf 77' lang='grc' dir='ltr'><em>τῶν</em></span> <span class='ocrx_word' id='word_1_153' title='bbox 824 1467 1026 1527; x_wconf 82' lang='grc' dir='ltr'><em>ὀρνίθων</em></span> <span class='ocrx_word' id='word_1_154' title='bbox 1057 1467 1296 1527; x_wconf 83' lang='grc' dir='ltr'><em>ἐπιστήμας</em></span> <span class='ocrx_word' id='word_1_155' title='bbox 1332 1469 1510 1526; x_wconf 84' lang='grc' dir='ltr'><em>νοῆσαι·</em></span> 
     </span>
     <span class='ocr_line' id='line_1_22' title="bbox 93 1534 1512 1598; baseline -0.002 -14"><span class='ocrx_word' id='word_1_156' title='bbox 93 1535 151 1596; x_wconf 79' lang='grc' dir='ltr'><em>ἢν</em></span> <span class='ocrx_word' id='word_1_157' title='bbox 176 1536 218 1583; x_wconf 84' lang='grc' dir='ltr'><em>δ’</em></span> <span class='ocrx_word' id='word_1_158' title='bbox 247 1534 304 1582; x_wconf 80' lang='grc' dir='ltr'><em>ἂν</em></span> <span class='ocrx_word' id='word_1_159' title='bbox 330 1536 572 1596; x_wconf 82' lang='grc' dir='ltr'><em>ἐπιστήμην</em></span> <span class='ocrx_word' id='word_1_160' title='bbox 603 1551 874 1596; x_wconf 82' lang='grc' dir='ltr'><em>κτησαμενος</em></span> <span class='ocrx_word' id='word_1_161' title='bbox 899 1540 1113 1598; x_wconf 79' lang='grc' dir='ltr'><em>καθείρξῃ</em></span> <span class='ocrx_word' id='word_1_162' title='bbox 1146 1542 1209 1591; x_wconf 84' lang='grc' dir='ltr'><em>εἰς</em></span> <span class='ocrx_word' id='word_1_163' title='bbox 1233 1535 1310 1582; x_wconf 85' lang='grc' dir='ltr'><em>τὸν</em></span> <span class='ocrx_word' id='word_1_164' title='bbox 1334 1541 1512 1595; x_wconf 78' lang='grc' dir='ltr'><em>περίβο-</em></span> 
     </span>
     <span class='ocr_line' id='line_1_23' title="bbox 94 1601 1513 1665; baseline -0.001 -14"><span class='ocrx_word' id='word_1_165' title='bbox 94 1612 194 1664; x_wconf 89' lang='grc' dir='ltr'><em>λον,</em></span> <span class='ocrx_word' id='word_1_166' title='bbox 219 1625 359 1664; x_wconf 86' lang='grc' dir='ltr'><em>φαναι</em></span> <span class='ocrx_word' id='word_1_167' title='bbox 383 1604 520 1651; x_wconf 80' lang='grc' dir='ltr'><em>αὐτὸν</em></span> <span class='ocrx_word' id='word_1_168' title='bbox 542 1607 850 1664; x_wconf 83' lang='grc' dir='ltr'><em>μεμαθηκέναι</em></span> <span class='ocrx_word' id='word_1_169' title='bbox 874 1601 901 1664; x_wconf 84' lang='grc' dir='ltr'><strong><em>ἢ</em></strong></span> <span class='ocrx_word' id='word_1_170' title='bbox 927 1602 1163 1665; x_wconf 80' lang='grc' dir='ltr'><em>εὑρηκέναι</em></span> <span class='ocrx_word' id='word_1_171' title='bbox 1186 1603 1234 1651; x_wconf 83' lang='grc' dir='ltr'><em>τὸ</em></span> <span class='ocrx_word' id='word_1_172' title='bbox 1258 1607 1439 1664; x_wconf 80' lang='grc' dir='ltr'><em>πρᾶγμα</em></span> <span class='ocrx_word' id='word_1_173' title='bbox 1458 1623 1513 1650; x_wconf 92' lang='grc' dir='ltr'><em>ου</em></span> 
     </span>
     <span class='ocr_line' id='line_1_24' title="bbox 93 1666 1368 1732; baseline -0.001 -13"><span class='ocrx_word' id='word_1_174' title='bbox 93 1666 152 1732; x_wconf 80' lang='grc' dir='ltr'><em>ἦν</em></span> <span class='ocrx_word' id='word_1_175' title='bbox 175 1672 287 1732; x_wconf 78' lang='grc' dir='ltr'><em>αὕτη</em></span> <span class='ocrx_word' id='word_1_176' title='bbox 310 1673 337 1732; x_wconf 81' lang='grc' dir='ltr'>ἡ</span> <span class='ocrx_word' id='word_1_177' title='bbox 365 1672 600 1732; x_wconf 79' lang='grc' dir='ltr'><em>ἐπιστήμη,</em></span> <span class='ocrx_word' id='word_1_178' title='bbox 627 1674 700 1719; x_wconf 81' lang='grc' dir='ltr'><em>καὶ</em></span> <span class='ocrx_word' id='word_1_179' title='bbox 724 1673 772 1719; x_wconf 91' lang='grc' dir='ltr'><em>τὸ</em></span> <span class='ocrx_word' id='word_1_180' title='bbox 798 1676 1065 1720; x_wconf 83' lang='grc' dir='ltr'><em>ἐπίστασθαι</em></span> <span class='ocrx_word' id='word_1_181' title='bbox 1087 1673 1209 1720; x_wconf 88' lang='grc' dir='ltr'><em>τοῦτ’</em></span> <span class='ocrx_word' id='word_1_182' title='bbox 1240 1672 1368 1719; x_wconf 83' lang='grc' dir='ltr'><em>εἶναι.</em></span> 
     </span>
    </p>
   </div>
   <div class='ocr_carea' id='block_1_3' title="bbox 98 1823 1514 1918">
    <p class='ocr_par' dir='ltr' id='par_1_12' title="bbox 98 1823 1514 1918">
     <span class='ocr_line' id='line_1_25' title="bbox 187 1823 1513 1873; baseline 0 -11"><span class='ocrx_word' id='word_1_183' title='bbox 187 1831 208 1862; x_wconf 87' lang='grc'><strong>3</strong></span> <span class='ocrx_word' id='word_1_184' title='bbox 224 1840 284 1862; x_wconf 86' lang='grc' dir='ltr'><em>οτι</em></span> <span class='ocrx_word' id='word_1_185' title='bbox 302 1824 346 1862; x_wconf 83' lang='grc' dir='ltr'><em>δ</em></span> <span class='ocrx_word' id='word_1_186' title='bbox 327 1830 459 1871; x_wconf 76' lang='grc' dir='ltr'><em>η.,ΗιίΓ</em></span> <span class='ocrx_word' id='word_1_187' title='bbox 477 1840 510 1869; x_wconf 92' lang='grc' dir='ltr'><em>ο,</em></span> <span class='ocrx_word' id='word_1_188' title='bbox 529 1841 566 1861; x_wconf 89' lang='grc' dir='ltr'><em>τι</em></span> <span class='ocrx_word' id='word_1_189' title='bbox 586 1823 633 1871; x_wconf 78' lang='grc' dir='ltr'><em>δὴ</em></span> <span class='ocrx_word' id='word_1_190' title='bbox 652 1838 694 1871; x_wconf 85' lang='grc' dir='ltr'><em>ς,</em></span> <span class='ocrx_word' id='word_1_191' title='bbox 710 1825 770 1862; x_wconf 79' lang='grc' dir='ltr'><em>ὅτι</em></span> <span class='ocrx_word' id='word_1_192' title='bbox 788 1826 831 1863; x_wconf 76' lang='grc' dir='ltr'><em>δὲ</em></span> <span class='ocrx_word' id='word_1_193' title='bbox 851 1824 900 1873; x_wconf 83' lang='grc' dir='ltr'><em>δὴ</em></span> <span class='ocrx_word' id='word_1_194' title='bbox 920 1832 968 1863; x_wconf 63' lang='lat' dir='ltr'><em>Ae</em></span> <span class='ocrx_word' id='word_1_195' title='bbox 974 1830 1037 1864; x_wconf 87' lang='lat' dir='ltr'><em>H.</em></span> <span class='ocrx_word' id='word_1_196' title='bbox 1116 1832 1134 1863; x_wconf 84' lang='lat'><strong>7</strong></span> <span class='ocrx_word' id='word_1_197' title='bbox 1152 1832 1260 1873; x_wconf 80' lang='grc' dir='ltr'><em>σχεῖν</em></span> <span class='ocrx_word' id='word_1_198' title='bbox 1278 1829 1513 1870; x_wconf 60' lang='lat' dir='ltr'><em>QAHBkk„</em></span> 
     </span>
     <span class='ocr_line' id='line_1_26' title="bbox 98 1842 1514 1918; baseline 0.001 -11"><span class='ocrx_word' id='word_1_199' title='bbox 98 1871 139 1917; x_wconf 75' lang='grc' dir='ltr'><em>ἔχ</em></span> <span class='ocrx_word' id='word_1_200' title='bbox 143 1884 202 1907; x_wconf 84' lang='grc' dir='ltr'><em>ειν</em></span> <span class='ocrx_word' id='word_1_201' title='bbox 217 1876 285 1915; x_wconf 79' lang='grc' dir='ltr'><em>*ς,</em></span> <span class='ocrx_word' id='word_1_202' title='bbox 303 1873 424 1917; x_wconf 76' lang='grc' dir='ltr'><em>ἴσχειν</em></span> <span class='ocrx_word' id='word_1_203' title='bbox 445 1874 524 1906; x_wconf 64' lang='lat' dir='ltr'><em>Zur.</em></span> <span class='ocrx_word' id='word_1_204' title='bbox 544 1874 587 1906; x_wconf 82' lang='lat' dir='ltr'><em>de</em></span> <span class='ocrx_word' id='word_1_205' title='bbox 605 1842 904 1907; x_wconf 53' lang='lat' dir='ltr'><strong>Winekelmannni</strong></span> <span class='ocrx_word' id='word_1_206' title='bbox 922 1876 1146 1908; x_wconf 79' lang='lat' dir='ltr'>coniectura.</span> <span class='ocrx_word' id='word_1_207' title='bbox 1243 1877 1284 1909; x_wconf 87' lang='grc'><em>17</em></span> <span class='ocrx_word' id='word_1_208' title='bbox 1301 1872 1514 1918; x_wconf 82' lang='grc' dir='ltr'><em>πετομένας</em></span> 
     </span>
    </p>
   </div>
   <div class='ocr_carea' id='block_1_4' title="bbox 96 1913 1515 2007">
    <p class='ocr_par' dir='ltr' id='par_1_13' title="bbox 96 1913 1515 2007">
     <span class='ocr_line' id='line_1_27' title="bbox 96 1913 1515 1964; baseline -0.001 -10"><span class='ocrx_word' id='word_1_209' title='bbox 96 1919 218 1955; x_wconf 65' lang='grc' dir='ltr'><em>ἩΔΠ</em></span> <span class='ocrx_word' id='word_1_210' title='bbox 230 1920 340 1961; x_wconf 73' lang='lat' dir='ltr'><strong><em>Hdfi,</em></strong></span> <span class='ocrx_word' id='word_1_211' title='bbox 355 1913 577 1961; x_wconf 82' lang='grc' dir='ltr'><em>πετωμένας</em></span> <span class='ocrx_word' id='word_1_212' title='bbox 594 1928 626 1954; x_wconf 86' lang='grc' dir='ltr'><em>ς.</em></span> <span class='ocrx_word' id='word_1_213' title='bbox 750 1922 790 1951; x_wconf 87' lang='grc'><em>21</em></span> <span class='ocrx_word' id='word_1_214' title='bbox 816 1919 1005 1964; x_wconf 80' lang='grc' dir='ltr'><em>καθείρξῃ</em></span> <span class='ocrx_word' id='word_1_215' title='bbox 1021 1920 1143 1956; x_wconf 66' lang='grc' dir='ltr'><em>ςὶῑΔΠ</em></span> <span class='ocrx_word' id='word_1_216' title='bbox 1156 1922 1246 1962; x_wconf 83' lang='lat' dir='ltr'><em>de&#39;.</em></span> <span class='ocrx_word' id='word_1_217' title='bbox 1272 1921 1316 1953; x_wconf 90' lang='lat' dir='ltr'><em>de</em></span> <span class='ocrx_word' id='word_1_218' title='bbox 1335 1921 1515 1963; x_wconf 80' lang='lat' dir='ltr'>Stephani</span> 
     </span>
     <span class='ocr_line' id='line_1_28' title="bbox 97 1951 678 2007; baseline 0.002 -9"><span class='ocrx_word' id='word_1_219' title='bbox 97 1966 326 2006; x_wconf 81' lang='lat' dir='ltr'><strong>coniectura,</strong></span> <span class='ocrx_word' id='word_1_220' title='bbox 345 1951 548 2007; x_wconf 79' lang='grc' dir='ltr'><em>καθείρξει</em></span> <span class='ocrx_word' id='word_1_221' title='bbox 564 1965 678 1999; x_wconf 82' lang='grc' dir='ltr'><em>ΛΗς</em></span> 
     </span>
    </p>
   </div>
   <div class='ocr_carea' id='block_1_5' title="bbox 97 2099 774 2820">
    <p class='ocr_par' dir='ltr' id='par_1_14' title="bbox 97 2099 770 2370">
     <span class='ocr_line' id='line_1_29' title="bbox 98 2099 770 2145; baseline 0.001 -12"><span class='ocrx_word' id='word_1_222' title='bbox 98 2099 161 2145; x_wconf 83' lang='grc' dir='ltr'><em>ραὶ</em></span> <span class='ocrx_word' id='word_1_223' title='bbox 178 2103 311 2133; x_wconf 84' lang='lat' dir='ltr'><strong>natura</strong></span> <span class='ocrx_word' id='word_1_224' title='bbox 330 2101 452 2133; x_wconf 81' lang='lat' dir='ltr'>ferae</span> <span class='ocrx_word' id='word_1_225' title='bbox 470 2103 554 2133; x_wconf 86' lang='lat' dir='ltr'>sunt</span> <span class='ocrx_word' id='word_1_226' title='bbox 572 2111 678 2142; x_wconf 83' lang='lat' dir='ltr'>aves,</span> <span class='ocrx_word' id='word_1_227' title='bbox 698 2112 770 2134; x_wconf 89' lang='lat' dir='ltr'><em>non</em></span> 
     </span>
     <span class='ocr_line' id='line_1_30' title="bbox 97 2143 769 2184; baseline 0 -6"><span class='ocrx_word' id='word_1_228' title='bbox 97 2149 242 2179; x_wconf 80' lang='lat' dir='ltr'><strong>tantum</strong></span> <span class='ocrx_word' id='word_1_229' title='bbox 257 2143 471 2184; x_wconf 78' lang='grc' dir='ltr'><em>πελειάδες.</em></span> <span class='ocrx_word' id='word_1_230' title='bbox 512 2146 621 2179; x_wconf 81' lang='lat' dir='ltr'>Arist.</span> <span class='ocrx_word' id='word_1_231' title='bbox 642 2147 769 2180; x_wconf 86' lang='lat' dir='ltr'>histor.</span> 
     </span>
     <span class='ocr_line' id='line_1_31' title="bbox 98 2187 768 2246; baseline 0.001 -23"><span class='ocrx_word' id='word_1_232' title='bbox 98 2191 130 2223; x_wconf 90' lang='lat' dir='ltr'>V</span> <span class='ocrx_word' id='word_1_233' title='bbox 147 2192 189 2224; x_wconf 91' lang='lat'><em>13</em></span> <span class='ocrx_word' id='word_1_234' title='bbox 208 2187 284 2225; x_wconf 80' lang='grc' dir='ltr'><em>ἔστι</em></span> <span class='ocrx_word' id='word_1_235' title='bbox 289 2187 372 2246; x_wconf 76' lang='grc' dir='ltr'><em>γὰρ</em></span> <span class='ocrx_word' id='word_1_236' title='bbox 391 2188 520 2241; x_wconf 79' lang='grc' dir='ltr'><em>ἕτερον</em></span> <span class='ocrx_word' id='word_1_237' title='bbox 537 2188 690 2229; x_wconf 79' lang='grc' dir='ltr'><em>πελειὰς</em></span> <span class='ocrx_word' id='word_1_238' title='bbox 704 2190 768 2224; x_wconf 80' lang='grc' dir='ltr'><em>καὶ</em></span> 
     </span>
     <span class='ocr_line' id='line_1_32' title="bbox 97 2231 768 2291; baseline 0.001 -22"><span class='ocrx_word' id='word_1_239' title='bbox 97 2245 310 2288; x_wconf 83' lang='grc' dir='ltr'><em>περιστερα.</em></span> <span class='ocrx_word' id='word_1_240' title='bbox 351 2231 518 2270; x_wconf 79' lang='grc' dir='ltr'><em>ελάττων</em></span> <span class='ocrx_word' id='word_1_241' title='bbox 548 2247 617 2291; x_wconf 79' lang='grc' dir='ltr'><em>μεν</em></span> <span class='ocrx_word' id='word_1_242' title='bbox 646 2231 717 2270; x_wconf 82' lang='grc' dir='ltr'><em>οὖν</em></span> <span class='ocrx_word' id='word_1_243' title='bbox 746 2233 768 2280; x_wconf 86' lang='grc' dir='ltr'><em>ἡ</em></span> 
     </span>
     <span class='ocr_line' id='line_1_33' title="bbox 97 2277 769 2326; baseline 0 -11"><span class='ocrx_word' id='word_1_244' title='bbox 97 2277 270 2323; x_wconf 80' lang='grc' dir='ltr'><em>πελειάς,</em></span> <span class='ocrx_word' id='word_1_245' title='bbox 308 2278 496 2316; x_wconf 79' lang='grc' dir='ltr'><em>τιθασσόν</em></span> <span class='ocrx_word' id='word_1_246' title='bbox 536 2278 580 2315; x_wconf 77' lang='grc' dir='ltr'><em>δὲ</em></span> <span class='ocrx_word' id='word_1_247' title='bbox 622 2282 769 2326; x_wconf 80' lang='grc' dir='ltr'><em>γίνεται</em></span> 
     </span>
     <span class='ocr_line' id='line_1_34' title="bbox 99 2321 723 2382; baseline 0 -22"><span class='ocrx_word' id='word_1_248' title='bbox 99 2325 248 2378; x_wconf 83' lang='grc' dir='ltr'><em>μᾶλλον</em></span> <span class='ocrx_word' id='word_1_249' title='bbox 258 2323 282 2369; x_wconf 87' lang='grc' dir='ltr'><em>ἡ</em></span> <span class='ocrx_word' id='word_1_250' title='bbox 300 2321 502 2382; x_wconf 74' lang='grc' dir='ltr'><em>περιστερά</em></span> <span class='ocrx_word' id='word_1_251' title='bbox 518 2331 589 2360; x_wconf 83' lang='lat' dir='ltr'><em>etc.</em></span> <span class='ocrx_word' id='word_1_252' title='bbox 594 2329 605 2346; x_wconf 85' lang='lat'>²</span> <span class='ocrx_word' id='word_1_253' title='bbox 624 2329 723 2361; x_wconf 67' lang='lat' dir='ltr'>Hor.</span> 
     </span>
    </p>

    <p class='ocr_par' dir='ltr' id='par_1_15' title="bbox 102 2367 772 2540">
     <span class='ocr_line' id='line_1_35' title="bbox 145 2367 769 2423; baseline 0.002 -19"><span class='ocrx_word' id='word_1_254' title='bbox 145 2373 166 2404; x_wconf 83' lang='lat'>2</span> <span class='ocrx_word' id='word_1_255' title='bbox 159 2367 322 2423; x_wconf 84' lang='grc' dir='ltr'><em>τρόπον</em></span> <span class='ocrx_word' id='word_1_256' title='bbox 339 2384 411 2415; x_wconf 89' lang='grc' dir='ltr'><em>μεν</em></span> <span class='ocrx_word' id='word_1_257' title='bbox 427 2370 510 2416; x_wconf 77' lang='grc' dir='ltr'><em>γάρ.</em></span> <span class='ocrx_word' id='word_1_258' title='bbox 534 2373 640 2406; x_wconf 79' lang='lat' dir='ltr'><strong>Haec</strong></span> <span class='ocrx_word' id='word_1_259' title='bbox 654 2383 769 2416; x_wconf 85' lang='lat' dir='ltr'>usque</span> 
     </span>
     <span class='ocr_line' id='line_1_36' title="bbox 102 2408 772 2460; baseline 0.003 -11"><span class='ocrx_word' id='word_1_260' title='bbox 102 2416 150 2449; x_wconf 78' lang='lat' dir='ltr'><em>ad</em></span> <span class='ocrx_word' id='word_1_261' title='bbox 159 2409 265 2450; x_wconf 81' lang='grc' dir='ltr'><em>Ἐστι</em></span> <span class='ocrx_word' id='word_1_262' title='bbox 287 2417 410 2452; x_wconf 87' lang='grc' dir='ltr'><em>ταῦτα</em></span> <span class='ocrx_word' id='word_1_263' title='bbox 439 2408 658 2460; x_wconf 80' lang='lat' dir='ltr'>accipienda</span> <span class='ocrx_word' id='word_1_264' title='bbox 687 2422 772 2451; x_wconf 81' lang='lat' dir='ltr'><strong>sunt</strong></span> 
     </span>
     <span class='ocr_line' id='line_1_37' title="bbox 103 2463 771 2507; baseline 0.003 -13"><span class='ocrx_word' id='word_1_265' title='bbox 103 2463 207 2503; x_wconf 78' lang='lat' dir='ltr'><strong>quasi</strong></span> <span class='ocrx_word' id='word_1_266' title='bbox 234 2474 301 2505; x_wconf 89' lang='lat' dir='ltr'><em>per</em></span> <span class='ocrx_word' id='word_1_267' title='bbox 327 2463 565 2507; x_wconf 81' lang='lat' dir='ltr'><strong>parenthesin</strong></span> <span class='ocrx_word' id='word_1_268' title='bbox 588 2464 687 2496; x_wconf 78' lang='lat' dir='ltr'><strong>dieta</strong></span> <span class='ocrx_word' id='word_1_269' title='bbox 715 2473 771 2496; x_wconf 85' lang='lat' dir='ltr'><em>es—</em></span> 
     </span>
     <span class='ocr_line' id='line_1_38' title="bbox 104 2511 198 2540; baseline 0.012 -1"><span class='ocrx_word' id='word_1_270' title='bbox 104 2511 198 2540; x_wconf 83' lang='lat' dir='ltr'>sent.</span> 
     </span>
    </p>

    <p class='ocr_par' dir='ltr' id='par_1_16' title="bbox 103 2552 774 2820">
     <span class='ocr_line' id='line_1_39' title="bbox 148 2552 770 2605; baseline 0.006 -22"><span class='ocrx_word' id='word_1_271' title='bbox 148 2552 169 2583; x_wconf 79' lang='lat'>6</span> <span class='ocrx_word' id='word_1_272' title='bbox 199 2563 279 2595; x_wconf 89' lang='grc' dir='ltr'><em>μεν.</em></span> <span class='ocrx_word' id='word_1_273' title='bbox 319 2554 496 2587; x_wconf 87' lang='lat' dir='ltr'><strong>Prorsus</strong></span> <span class='ocrx_word' id='word_1_274' title='bbox 526 2554 578 2586; x_wconf 83' lang='lat' dir='ltr'><em>ita</em></span> <span class='ocrx_word' id='word_1_275' title='bbox 590 2565 644 2605; x_wconf 89' lang='lat' dir='ltr'><em>p.</em></span> <span class='ocrx_word' id='word_1_276' title='bbox 667 2555 770 2587; x_wconf 82' lang='lat' dir='ltr'>201ss</span> 
     </span>
     <span class='ocr_line' id='line_1_40' title="bbox 104 2590 772 2651; baseline 0.005 -21"><span class='ocrx_word' id='word_1_277' title='bbox 104 2590 331 2651; x_wconf 79' lang='grc' dir='ltr'><em>Οὖδαμῶς’</em></span> <span class='ocrx_word' id='word_1_278' title='bbox 309 2609 425 2643; x_wconf 78' lang='grc' dir='ltr'><em>εγωγε</em></span> <span class='ocrx_word' id='word_1_279' title='bbox 442 2595 563 2642; x_wconf 84' lang='grc' dir='ltr'><em>οἶμαι,</em></span> <span class='ocrx_word' id='word_1_280' title='bbox 578 2593 675 2632; x_wconf 74' lang='grc' dir='ltr'><em>ἄλλα</em></span> <span class='ocrx_word' id='word_1_281' title='bbox 691 2602 772 2633; x_wconf 86' lang='grc' dir='ltr'><em>πεῖ-</em></span> 
     </span>
     <span class='ocr_line' id='line_1_41' title="bbox 103 2639 774 2685; baseline 0.004 -11"><span class='ocrx_word' id='word_1_282' title='bbox 103 2651 168 2674; x_wconf 89' lang='grc' dir='ltr'><em>σαι</em></span> <span class='ocrx_word' id='word_1_283' title='bbox 183 2639 280 2685; x_wconf 84' lang='grc' dir='ltr'><em>μέν.’</em></span> <span class='ocrx_word' id='word_1_284' title='bbox 302 2644 579 2677; x_wconf 70' lang='lat' dir='ltr'>Hssmnonrms.</span> <span class='ocrx_word' id='word_1_285' title='bbox 606 2644 774 2678; x_wconf 81' lang='lat' dir='ltr'><strong>‘Videtur</strong></span> 
     </span>
     <span class='ocr_line' id='line_1_42' title="bbox 103 2685 771 2732; baseline 0.006 -13"><span class='ocrx_word' id='word_1_286' title='bbox 103 2687 142 2719; x_wconf 88' lang='lat' dir='ltr'><em>in</em></span> <span class='ocrx_word' id='word_1_287' title='bbox 169 2686 307 2721; x_wconf 79' lang='lat' dir='ltr'><strong>talibus</strong></span> <span class='ocrx_word' id='word_1_288' title='bbox 336 2685 406 2732; x_wconf 76' lang='grc' dir='ltr'><em>μὲν</em></span> <span class='ocrx_word' id='word_1_289' title='bbox 433 2690 527 2722; x_wconf 87' lang='lat' dir='ltr'>nihil</span> <span class='ocrx_word' id='word_1_290' title='bbox 556 2690 658 2722; x_wconf 81' lang='lat' dir='ltr'><strong>aliud</strong></span> <span class='ocrx_word' id='word_1_291' title='bbox 690 2700 771 2723; x_wconf 87' lang='lat' dir='ltr'><strong>esse</strong></span> 
     </span>
     <span class='ocr_line' id='line_1_43' title="bbox 104 2730 772 2778; baseline 0.006 -14"><span class='ocrx_word' id='word_1_292' title='bbox 104 2742 213 2774; x_wconf 80' lang='lat' dir='ltr'><strong>quam</strong></span> <span class='ocrx_word' id='word_1_293' title='bbox 229 2737 457 2767; x_wconf 77' lang='lat' dir='ltr'><strong>attenuatum</strong></span> <span class='ocrx_word' id='word_1_294' title='bbox 473 2730 561 2778; x_wconf 83' lang='grc' dir='ltr'><em>μήν,</em></span> <span class='ocrx_word' id='word_1_295' title='bbox 577 2735 672 2778; x_wconf 85' lang='lat' dir='ltr'>quod</span> <span class='ocrx_word' id='word_1_296' title='bbox 687 2736 772 2778; x_wconf 84' lang='lat' dir='ltr'><strong>quia</strong></span> 
     </span>
     <span class='ocr_line' id='line_1_44' title="bbox 103 2778 772 2820; baseline 0.007 -11"><span class='ocrx_word' id='word_1_297' title='bbox 103 2779 187 2820; x_wconf 86' lang='lat' dir='ltr'>post</span> <span class='ocrx_word' id='word_1_298' title='bbox 203 2778 399 2812; x_wconf 78' lang='lat' dir='ltr'>seeundum</span> <span class='ocrx_word' id='word_1_299' title='bbox 419 2780 562 2813; x_wconf 85' lang='lat' dir='ltr'><strong>demum</strong></span> <span class='ocrx_word' id='word_1_300' title='bbox 578 2781 772 2814; x_wconf 84' lang='lat' dir='ltr'>tertiumve</span> 
     </span>
    </p>
   </div>
   <div class='ocr_carea' id='block_1_6' title="bbox 171 2843 452 2868">
    <p class='ocr_par' dir='ltr' id='par_1_17' title="bbox 171 2843 452 2868">
     <span class='ocr_line' id='line_1_45' title="bbox 171 2843 452 2868; baseline 0.007 -2"><span class='ocrx_word' id='word_1_301' title='bbox 171 2843 277 2867; x_wconf 73' lang='lat' dir='ltr'>PLA&#39;r.</span> <span class='ocrx_word' id='word_1_302' title='bbox 294 2845 452 2868; x_wconf 67' lang='lat' dir='ltr'><em>TREAET.</em></span> 
     </span>
    </p>
   </div>
   <div class='ocr_carea' id='block_1_7' title="bbox 838 2102 1516 2826">
    <p class='ocr_par' dir='ltr' id='par_1_18' title="bbox 839 2102 1513 2226">
     <span class='ocr_line' id='line_1_46' title="bbox 841 2102 1512 2143; baseline 0.003 -10"><span class='ocrx_word' id='word_1_303' title='bbox 841 2102 1024 2134; x_wconf 78' lang='lat' dir='ltr'><strong>enuntiati</strong></span> <span class='ocrx_word' id='word_1_304' title='bbox 1042 2102 1259 2135; x_wconf 82' lang='lat' dir='ltr'>vocabulum</span> <span class='ocrx_word' id='word_1_305' title='bbox 1274 2103 1448 2143; x_wconf 81' lang='lat' dir='ltr'><strong>infertur,</strong></span> <span class='ocrx_word' id='word_1_306' title='bbox 1468 2103 1512 2135; x_wconf 83' lang='lat' dir='ltr'><em>de</em></span> 
     </span>
     <span class='ocr_line' id='line_1_47' title="bbox 839 2147 1513 2191; baseline 0.004 -13"><span class='ocrx_word' id='word_1_307' title='bbox 839 2148 961 2179; x_wconf 86' lang='lat' dir='ltr'><strong>visua</strong></span> <span class='ocrx_word' id='word_1_308' title='bbox 978 2157 1050 2180; x_wconf 91' lang='lat' dir='ltr'><em>non</em></span> <span class='ocrx_word' id='word_1_309' title='bbox 1073 2147 1165 2180; x_wconf 90' lang='lat' dir='ltr'>nihil</span> <span class='ocrx_word' id='word_1_310' title='bbox 1189 2148 1358 2181; x_wconf 85' lang='lat' dir='ltr'><strong>amisisse</strong></span> <span class='ocrx_word' id='word_1_311' title='bbox 1382 2151 1513 2191; x_wconf 84' lang='lat' dir='ltr'>putare</span> 
     </span>
     <span class='ocr_line' id='line_1_48' title="bbox 839 2192 1285 2226; baseline 0.002 -2"><span class='ocrx_word' id='word_1_312' title='bbox 839 2192 951 2226; x_wconf 83' lang='lat' dir='ltr'>licet.’</span> <span class='ocrx_word' id='word_1_313' title='bbox 978 2193 1285 2226; x_wconf 62' lang='lat' dir='ltr'><em>Sunnnmmus.</em></span> 
     </span>
    </p>

    <p class='ocr_par' dir='ltr' id='par_1_19' title="bbox 838 2232 1513 2508">
     <span class='ocr_line' id='line_1_49' title="bbox 886 2232 1513 2281; baseline 0.003 -11"><span class='ocrx_word' id='word_1_314' title='bbox 886 2241 926 2271; x_wconf 88' lang='lat'><em>15</em></span> <span class='ocrx_word' id='word_1_315' title='bbox 954 2232 1022 2276; x_wconf 73' lang='grc' dir='ltr'><em>τὰς</em></span> <span class='ocrx_word' id='word_1_316' title='bbox 1050 2234 1119 2281; x_wconf 74' lang='grc' dir='ltr'><em>μὲν</em></span> <span class='ocrx_word' id='word_1_317' title='bbox 1147 2256 1192 2262; x_wconf 65' lang='lat'><strong>—</strong></span> <span class='ocrx_word' id='word_1_318' title='bbox 1219 2232 1349 2277; x_wconf 76' lang='grc' dir='ltr'><em>οὔσας.</em></span> <span class='ocrx_word' id='word_1_319' title='bbox 1385 2241 1513 2272; x_wconf 85' lang='grc' dir='ltr'><em>ποιεῖν</em></span> 
     </span>
     <span class='ocr_line' id='line_1_50' title="bbox 840 2283 1514 2327; baseline 0.002 -12"><span class='ocrx_word' id='word_1_320' title='bbox 840 2283 1018 2326; x_wconf 84' lang='lat' dir='ltr'><strong>fingere</strong></span> <span class='ocrx_word' id='word_1_321' title='bbox 1042 2295 1122 2316; x_wconf 84' lang='lat' dir='ltr'><em>cum</em></span> <span class='ocrx_word' id='word_1_322' title='bbox 1140 2285 1352 2318; x_wconf 82' lang='lat' dir='ltr'>accusativo</span> <span class='ocrx_word' id='word_1_323' title='bbox 1376 2288 1413 2317; x_wconf 82' lang='lat' dir='ltr'><em>et</em></span> <span class='ocrx_word' id='word_1_324' title='bbox 1430 2295 1514 2327; x_wconf 86' lang='lat' dir='ltr'>par—</span> 
     </span>
     <span class='ocr_line' id='line_1_51' title="bbox 838 2329 1511 2373; baseline 0.004 -13"><span class='ocrx_word' id='word_1_325' title='bbox 838 2329 965 2371; x_wconf 83' lang='lat' dir='ltr'>ticipio</span> <span class='ocrx_word' id='word_1_326' title='bbox 982 2330 1147 2372; x_wconf 80' lang='lat' dir='ltr'>iungitur</span> <span class='ocrx_word' id='word_1_327' title='bbox 1164 2330 1275 2362; x_wconf 82' lang='lat' dir='ltr'>etiam</span> <span class='ocrx_word' id='word_1_328' title='bbox 1289 2331 1398 2373; x_wconf 87' lang='lat' dir='ltr'>Gorg.</span> <span class='ocrx_word' id='word_1_329' title='bbox 1408 2330 1511 2363; x_wconf 82' lang='lat' dir='ltr'>525E</span> 
     </span>
     <span class='ocr_line' id='line_1_52' title="bbox 840 2356 1513 2426; baseline 0.003 -20"><span class='ocrx_word' id='word_1_330' title='bbox 840 2373 1025 2426; x_wconf 83' lang='grc' dir='ltr'><em>Θερσίτην</em></span> <span class='ocrx_word' id='word_1_331' title='bbox 1047 2356 1094 2408; x_wconf 73' lang='grc' dir='ltr'><em>δὲ</em></span> <span class='ocrx_word' id='word_1_332' title='bbox 1112 2392 1155 2397; x_wconf 87' lang='lat'><em>-—-</em></span> <span class='ocrx_word' id='word_1_333' title='bbox 1173 2368 1302 2413; x_wconf 83' lang='grc' dir='ltr'><em>οὖδεις</em></span> <span class='ocrx_word' id='word_1_334' title='bbox 1325 2374 1513 2426; x_wconf 80' lang='grc' dir='ltr'><em>πεποίηκε</em></span> 
     </span>
     <span class='ocr_line' id='line_1_53' title="bbox 839 2414 1513 2472; baseline 0 -20"><span class='ocrx_word' id='word_1_335' title='bbox 839 2414 1024 2472; x_wconf 77' lang='grc' dir='ltr'><em>μεγάλαις</em></span> <span class='ocrx_word' id='word_1_336' title='bbox 1043 2420 1240 2463; x_wconf 83' lang='grc' dir='ltr'><em>τιμωρίαις</em></span> <span class='ocrx_word' id='word_1_337' title='bbox 1256 2416 1513 2464; x_wconf 83' lang='grc' dir='ltr'><em>συνεχόμενον</em></span> 
     </span>
     <span class='ocr_line' id='line_1_54' title="bbox 839 2459 1411 2508; baseline 0.005 -12"><span class='ocrx_word' id='word_1_338' title='bbox 839 2459 891 2503; x_wconf 77' lang='grc' dir='ltr'><em>ὦς</em></span> <span class='ocrx_word' id='word_1_339' title='bbox 908 2459 1078 2498; x_wconf 76' lang='grc' dir='ltr'><em>ἀνίατον.</em></span> <span class='ocrx_word' id='word_1_340' title='bbox 1103 2465 1161 2499; x_wconf 82' lang='lat' dir='ltr'><em>Cf.</em></span> <span class='ocrx_word' id='word_1_341' title='bbox 1179 2466 1225 2498; x_wconf 84' lang='lat' dir='ltr'><em>ad</em></span> <span class='ocrx_word' id='word_1_342' title='bbox 1243 2477 1277 2508; x_wconf 90' lang='lat' dir='ltr'><em>p.</em></span> <span class='ocrx_word' id='word_1_343' title='bbox 1296 2466 1411 2499; x_wconf 87' lang='lat' dir='ltr'><strong>158A</strong></span> 
     </span>
    </p>

    <p class='ocr_par' dir='ltr' id='par_1_20' title="bbox 841 2504 1516 2778">
     <span class='ocr_line' id='line_1_55' title="bbox 888 2504 1514 2554; baseline 0 -12"><span class='ocrx_word' id='word_1_344' title='bbox 888 2511 929 2543; x_wconf 89' lang='grc'><em>16</em></span> <span class='ocrx_word' id='word_1_345' title='bbox 961 2504 1081 2553; x_wconf 87' lang='grc' dir='ltr'><em>μόνας</em></span> <span class='ocrx_word' id='word_1_346' title='bbox 1114 2506 1183 2544; x_wconf 80' lang='grc' dir='ltr'><em>δια</em></span> <span class='ocrx_word' id='word_1_347' title='bbox 1220 2510 1371 2554; x_wconf 81' lang='grc' dir='ltr'><em>πασῶν,</em></span> <span class='ocrx_word' id='word_1_348' title='bbox 1412 2515 1484 2553; x_wconf 75' lang='lat' dir='ltr'><em>‘pe</em></span> <span class='ocrx_word' id='word_1_349' title='bbox 1497 2521 1514 2542; x_wconf 89' lang='lat' dir='ltr'>r</span> 
     </span>
     <span class='ocr_line' id='line_1_56' title="bbox 842 2556 1513 2596; baseline 0.002 -9"><span class='ocrx_word' id='word_1_350' title='bbox 842 2565 1008 2596; x_wconf 84' lang='lat' dir='ltr'>omnes,</span> <span class='ocrx_word' id='word_1_351' title='bbox 1033 2557 1085 2588; x_wconf 83' lang='lat' dir='ltr'><em>ita</em></span> <span class='ocrx_word' id='word_1_352' title='bbox 1109 2560 1149 2589; x_wconf 83' lang='lat' dir='ltr'><em>ut</em></span> <span class='ocrx_word' id='word_1_353' title='bbox 1172 2567 1245 2589; x_wconf 88' lang='lat' dir='ltr'><em>non</em></span> <span class='ocrx_word' id='word_1_354' title='bbox 1268 2556 1392 2590; x_wconf 85' lang='lat' dir='ltr'><strong>volent</strong></span> <span class='ocrx_word' id='word_1_355' title='bbox 1416 2567 1513 2589; x_wconf 88' lang='lat' dir='ltr'>seor-</span> 
     </span>
     <span class='ocr_line' id='line_1_57' title="bbox 843 2595 1514 2653; baseline 0.001 -22"><span class='ocrx_word' id='word_1_356' title='bbox 843 2609 921 2632; x_wconf 86' lang='lat' dir='ltr'><em>sum</em></span> <span class='ocrx_word' id='word_1_357' title='bbox 918 2599 1052 2653; x_wconf 61' lang='grc' dir='ltr'><em>,χρορὶς</em></span> <span class='ocrx_word' id='word_1_358' title='bbox 1065 2600 1139 2634; x_wconf 81' lang='grc' dir='ltr'><em>τῶν</em></span> <span class='ocrx_word' id='word_1_359' title='bbox 1153 2595 1288 2641; x_wconf 75' lang='grc' dir='ltr'><em>ἄλλων,</em></span> <span class='ocrx_word' id='word_1_360' title='bbox 1307 2602 1411 2634; x_wconf 80' lang='lat' dir='ltr'>velut</span> <span class='ocrx_word' id='word_1_361' title='bbox 1427 2601 1514 2633; x_wconf 80' lang='lat' dir='ltr'>illae</span> 
     </span>
     <span class='ocr_line' id='line_1_58' title="bbox 841 2638 1516 2689; baseline 0.001 -12"><span class='ocrx_word' id='word_1_362' title='bbox 841 2639 928 2678; x_wconf 83' lang='grc' dir='ltr'><em>κατ’</em></span> <span class='ocrx_word' id='word_1_363' title='bbox 946 2640 1086 2688; x_wconf 83' lang='grc' dir='ltr'><em>αγέλας</em></span> <span class='ocrx_word' id='word_1_364' title='bbox 1104 2638 1226 2687; x_wconf 80' lang='grc' dir='ltr'><em>οὖσαι,</em></span> <span class='ocrx_word' id='word_1_365' title='bbox 1246 2647 1311 2680; x_wconf 85' lang='lat' dir='ltr'><em>sed</em></span> <span class='ocrx_word' id='word_1_366' title='bbox 1328 2646 1434 2679; x_wconf 88' lang='lat' dir='ltr'>modo</span> <span class='ocrx_word' id='word_1_367' title='bbox 1449 2657 1516 2689; x_wconf 89' lang='lat' dir='ltr'><em>per</em></span> 
     </span>
     <span class='ocr_line' id='line_1_59' title="bbox 841 2690 1511 2735; baseline 0.003 -13"><span class='ocrx_word' id='word_1_368' title='bbox 841 2690 950 2733; x_wconf 85' lang='lat' dir='ltr'>hune,</span> <span class='ocrx_word' id='word_1_369' title='bbox 964 2691 1068 2724; x_wconf 88' lang='lat' dir='ltr'>modo</span> <span class='ocrx_word' id='word_1_370' title='bbox 1082 2703 1147 2735; x_wconf 88' lang='lat' dir='ltr'><em>per</em></span> <span class='ocrx_word' id='word_1_371' title='bbox 1163 2692 1266 2724; x_wconf 88' lang='lat' dir='ltr'><strong>illum</strong></span> <span class='ocrx_word' id='word_1_372' title='bbox 1283 2702 1432 2734; x_wconf 82' lang='lat' dir='ltr'><strong>gregem</strong></span> <span class='ocrx_word' id='word_1_373' title='bbox 1446 2701 1511 2724; x_wconf 80' lang='lat' dir='ltr'><em>va-</em></span> 
     </span>
     <span class='ocr_line' id='line_1_60' title="bbox 842 2737 1158 2778; baseline 0.003 -10"><span class='ocrx_word' id='word_1_374' title='bbox 842 2739 1002 2778; x_wconf 73' lang='lat' dir='ltr'><strong>gentur-,⁹</strong></span> <span class='ocrx_word' id='word_1_375' title='bbox 1019 2737 1158 2770; x_wconf 76' lang='lat' dir='ltr'>Hmm).</span> 
     </span>
    </p>

    <p class='ocr_par' dir='ltr' id='par_1_21' title="bbox 885 2774 1512 2826">
     <span class='ocr_line' id='line_1_61' title="bbox 885 2774 1512 2826; baseline 0.002 -13"><span class='ocrx_word' id='word_1_376' title='bbox 885 2783 928 2813; x_wconf 90' lang='grc'><em>22</em></span> <span class='ocrx_word' id='word_1_377' title='bbox 955 2779 1228 2826; x_wconf 79' lang='grc' dir='ltr'><em>μεμαθηκέναι</em></span> <span class='ocrx_word' id='word_1_378' title='bbox 1249 2774 1273 2825; x_wconf 78' lang='grc' dir='ltr'>ἢ</span> <span class='ocrx_word' id='word_1_379' title='bbox 1294 2777 1512 2826; x_wconf 69' lang='grc' dir='ltr'><em>εὑρηκέναι.</em></span> 
     </span>
    </p>
   </div>
   <div class='ocr_carea' id='block_1_8' title="bbox 1201 2840 1242 2871">
    <p class='ocr_par' dir='ltr' id='par_1_22' title="bbox 1201 2840 1242 2871">
     <span class='ocr_line' id='line_1_62' title="bbox 1201 2840 1242 2871; baseline 0 -11"><span class='ocrx_word' id='word_1_380' title='bbox 1201 2840 1242 2871; x_wconf 72' lang='lat'><em>12</em></span> 
     </span>
    </p>
   </div>
  </div>
 </body>
</html>
