1748 2950
708 73 1007 108 ΘΕΑΙΤΗΤΟΣ.
1493 69 1573 112 149

253 201 384 242 ΘΕΟ.
419 190 550 240 Ἀλλὰ
573 190 677 252 χρή,
707 195 747 236 εί
769 194 915 248 δοκεῖ,
942 187 1057 236 οὕτω
1081 199 1240 235 ποιεῖν.

253 269 352 310 Σῼ.
378 259 469 308 Ἔτι
494 264 671 318 τοίνυν,
698 254 733 304 ὠ
754 262 985 342 Θεαίτητε,
1010 256 1194 304 τοσόνδε
1217 258 1317 316 περὶ
1336 259 1427 302 τῶν
1452 261 1574 316 εἰρη-

149 333 298 391 μένων
322 334 567 384 ἐπίσκεψαι.
613 335 828 386 αἴσθησιν
858 327 944 387 γάρ
982 324 1037 386 δὴ
1062 324 1308 385 ἐπιστήμην
1331 323 1569 386 ἀπεκρίνω.

149 404 176 459 ἠ
201 397 307 460 νέω

114 487 131 512 5
252 473 409 514 ΘΕΑΙ.
449 470 553 512 Ναί.

249 541 348 582 ΣΩ.
388 539 448 581 Εἰ
468 529 552 580 οὖν
576 537 641 587 τίς
665 548 715 578 σε
740 526 819 595 ‹353'
851 530 1050 594 ἐρωτῴη·
1075 534 1136 594 τῷ
1161 530 1214 577 τὰ
1238 529 1374 577 λευκοὶ
1399 532 1474 576 καὶ
1497 532 1571 589 με’-

148 610 261 650 λανα
295 601 379 665 ὁρᾷ
409 600 649 662 ἅνθρωπος
684 602 758 647 καὶ
793 603 853 663 τῷ
887 599 942 646 τὰ
976 599 1077 655 ὀξέα
1112 601 1186 646 καὶ
1219 601 1360 660 βαρέα
1391 596 1570 655 ἀκούεις

147 680 286 726 εἴποις
310 669 388 730 ἄν,
414 671 557 730 οἶμαι,
581 668 751 729 ὅμμασί
769 688 816 715 τε
840 670 914 715 καὶ
933 666 1058 715 ὠσίν.

251 747 411 787 ΘΕΑΙ.
439 736 619 798 ’Έγωγε

248 814 347 854 Σῼ.
393 807 450 853 Τὸ
488 807 536 853 δὲ
570 805 747 866 εὐχερὲς
779 807 869 852 τῶν
904 803 1136 864 ὀνομάτων
1171 824 1219 850 τε
1254 805 1328 850 καὶ
1361 802 1570 864 ῥημάτων

146 878 220 922 καὶ
243 876 302 935 μὴ
329 873 390 922 δι’
411 875 639 935 ἀκριβείας
659 872 965 933 ἐξεταζόμενον
988 872 1041 920 τὰ
1065 873 1148 932 μὲν
1171 872 1313 918 πολλὰ
1331 869 1414 918 οὐκ
1437 871 1571 930 ἀγεν-

146 946 243 1000 νές,
267 943 379 989 ἀλλὰ
402 946 570 1003 μᾶλλον
602 942 651 989 τὸ
681 941 843 988 τούτου
876 945 1080 989 ἐναντίον
1113 940 1441 999 ἀνελεύθερον,
1478 945 1569 987 ἔστι

147 1013 196 1059 δὲ
220 1010 291 1058 ὅτε
315 1009 576 1072 ἀναγκαῖον,
606 1008 703 1057 οἷον
735 1012 807 1056 καὶ
843 1012 928 1057 νῦν
961 1008 1132 1068 ἀνάγκη
1167 1010 1459 1068 ἐπιλαβέσθαι
1492 1012 1570 1067 τῆς

145 1078 419 1140 ἀποκρίσεως
443 1078 501 1138 ἣν
524 1079 780 1139 ἀποκρίνει,
817 1072 849 1138 ᾗ
872 1076 955 1124 οὐκ
978 1076 1117 1139 ὀρθή
1146 1077 1299 1124 σκόπει
1323 1076 1433 1138 γάρ,
1458 1074 1568 1123 ἀπό-

98 1167 128 1193 15
147 1165 286 1207 κρισις
305 1151 467 1208 ποτέρα
486 1148 719 1209 ὀρθοτέρα,
741 1140 776 1209 ᾦ
793 1146 983 1229 ὁρῶμεν,
1002 1150 1132 1193 τοῦτο
1158 1146 1273 1192 εἶναι
1290 1143 1570 1205 ὀφθαλμούς,

146 1237 173 1275 η
201 1214 261 1262 δι’
282 1235 336 1263 ου
360 1215 549 1276 ὁρῶμεν,
574 1218 648 1262 καὶ
667 1217 701 1277 ᾧ
720 1213 955 1274 ἀκούομεν,
982 1218 1087 1273 ὦτα,
1112 1211 1140 1273 ἢ
1168 1212 1227 1260 δι’
1249 1216 1302 1261 οὗ
1326 1212 1570 1274 ἀκούομεν;

250 1291 410 1332 ΘΕΑΙ.
446 1283 523 1331 Δι’
553 1304 616 1330 ων
641 1286 801 1330 ἕκαστα
826 1282 1161 1343 αἰσθανόμεθα,
1188 1287 1336 1342 ἔμοιγε
1362 1287 1506 1342 δοκει,
1533 1279 1568 1329 ὠ

146 1352 404 1412 Σώκρατες,
429 1356 597 1412 μᾶλλον
621 1347 649 1411 ἦ
673 1349 752 1406 οἷς.

97 828 129 853 10

1599 198 1663 230 184

1595 813 1622 845 Ο

247 1427 345 1467 ΣΩ.
383 1421 549 1468 Δεινὸν
572 1419 656 1481 γάρ
682 1439 783 1480 που,
810 1416 845 1467 c5
869 1432 965 1480 παῖ,
991 1425 1031 1466 εἰ
1054 1424 1218 1466 πολλαί
1238 1439 1355 1474 τινες
1375 1421 1424 1466 ἐν
1441 1418 1565 1479 ἡμῖν,
1590 1429 1623 1461 D

94 1509 127 1534 20
146 1487 294 1548 ὥσπερ
326 1492 373 1535 ἐν
406 1494 622 1549 δουρείοις
653 1493 828 1547 ἵπποις,
865 1487 1096 1547 αἰσθήσεις
1129 1486 1423 1547 ἐγκάθηνται,
1456 1486 1570 1534 ἀλλά

144 1557 203 1616 μὴ
228 1562 290 1612 εἰς
313 1563 421 1617 μίαν
443 1557 543 1604 τινὰ
569 1559 721 1616 ἰδέαν,
754 1564 840 1604 εἴτε
872 1556 1020 1616 ψυχὴν
1046 1564 1132 1603 εἴτε
1162 1554 1186 1602 ὅ
1218 1575 1260 1603 τι
1294 1561 1365 1603 δεῖ
1395 1563 1566 1614 καλεῖν,

144 1624 289 1672 πάντα
325 1628 465 1672 ταῦτα
497 1629 739 1684 ξυντείνει,
772 1619 803 1685 ᾗ
837 1620 910 1672 διά
944 1624 1117 1673 τούτων
1149 1621 1245 1672 οἷον
1269 1623 1478 1686 ὀργάνων
1501 1630 1567 1672 αἰ-

145 1693 410 1754 σθανόμεθα
432 1692 516 1740 ὅσα
544 1693 748 1753 αἰσθητά.

248 1769 406 1809 ΘΕΑΙ.
441 1760 570 1809 Ἀλλά
593 1782 667 1822 μοι
691 1767 817 1809 δοκεῖ
838 1761 978 1816 οὕτως
1001 1766 1171 1822 μᾶλλον
1195 1761 1222 1821 ἢ
1249 1764 1440 1816 ἐκείνως.

237 1931 253 1960 1
274 1927 393 1964 ΘΕΟ.
412 1930 522 1971 Has„
540 1929 674 1964 ΘΕΑΙ.
694 1938 729 1965 ς.
821 1931 864 1962 21
883 1921 904 1962 ὅ
920 1942 956 1963 τι
973 1930 1096 1966 ςεῑΛΠ
1111 1930 1220 1971 Bkk.,
1240 1923 1260 1963 ὃ
1278 1931 1336 1964 *ς.

143 2070 193 2129 δή
205 2084 290 2126 σοι,
321 2065 350 2108 ὦ
366 2086 530 2127 αριστε,
565 2071 678 2110 ἕνεκα
706 2075 819 2110 τοῦδε

142 2100 333 2174 ἐμήκυνα,
355 2117 582 2155 ὑποπτεύων
613 2131 669 2165 σε,
697 2132 819 2174 ωσπερ

143 2165 207 2198 καὶ
224 2161 338 2205 αὐτὸς
351 2166 438 2209 οἰει,
457 2160 611 2201 ὠδίνειν
623 2179 660 2200 τι
677 2163 819 2201 κύοντα

933 2079 977 2110 20
1005 2086 1128 2119 ωσπερ
1152 2073 1193 2110 ἐν
1215 2075 1444 2120 δουρείοις“
1422 2088 1568 2117 ιπποις.

887 2122 1292 2156 Referendahaecsunt
1301 2119 1568 2167 ειᾶδουράτεον

888 2167 1025 2210 ἵππον,
1046 2169 1108 2211 qui
1125 2169 1256 2212 Odyss.
1275 2169 1364 2201 VIII
1381 2170 1447 2201 492
1470 2180 1567 2203 com—

143 2207 268 2245 ἔνδον.

189 2269 230 2300 10
263 2265 315 2300 Τὸ
342 2265 386 2301 δὲ
409 2262 562 2310 εὐχερὲς
585 2270 663 2303 κτλ.
709 2269 817 2303 Plato

142 2323 244 2344 suam
262 2313 447 2346 scribendi
472 2315 654 2347 rationem
671 2315 819 2348 videtur

144 2357 356 2390 defendere.
398 2359 454 2390 Cf.
481 2358 746 2392 Stallbaumius
770 2361 816 2393 -zd

143 2413 255 2446 remp.
280 2404 350 2436 VIl
380 2405 497 2439 53313.

187 2457 384 2506 ὀνομάτων
402 2476 442 2499 τε
459 2462 564 2499 καὶ’“
542 2464 732 2510 ρημοὲτων.
759 2468 817 2500 Cf.

145 2508 191 2540 ad
208 2520 241 2551 p.
258 2511 376 2545 206D.

192 2572 232 2603 12
249 2568 292 2604 τὰ
309 2569 447 2606 τούτου
464 2568 642 2607 ἐναντίον
660 2567 816 2608 ἀνελεύ-

145 2616 276 2657 θερον.
325 2620 337 2637 ‘
351 2617 490 2672 Tangit
522 2618 694 2653 Socrates
726 2620 760 2656 h.
793 2621 815 2654 l.

145 2661 373 2704 Protagorae
426 2674 445 2696 ο
449 2660 663 2706 ρθοέπειαν
715 2665 819 2698 illam

146 2705 317 2747 (phaedr.
329 2708 393 2740 267
402 2675 469 2752 B)Q
461 2712 500 2742 et
515 2710 662 2743 Prodici
679 2706 819 2754 ὀνομά-

147 2762 220 2784 των
253 2749 440 2792 διαίρεσιν
469 2752 632 2797 (Charm.
668 2755 800 2800 1631)).
808 2759 818 2775 ’

146 2797 426 2835 ΗΕῙΝΒΟΒΡΙυε.

887 2218 1123 2255 memoratur,
1147 2215 1305 2247 maxime
1324 2218 1447 2247 autem
1466 2215 1565 2248 eele-

886 2261 1014 2292 bratus
1032 2262 1112 2292 erat
1128 2260 1167 2292 in
1183 2260 1353 2293 Leschae
1370 2261 1564 2303 poematis.

888 2305 1110 2338 Graecorum
1128 2306 1236 2347 enim,
1255 2306 1317 2348 qui
1332 2306 1371 2338 in
1388 2306 1451 2339 illo
1471 2316 1564 2349 equo

886 2350 1020 2383 inclusi
1032 2354 1150 2392 erant,
1169 2362 1235 2394 per
1248 2361 1286 2384 se
1301 2351 1454 2394 quisque
1469 2362 1563 2394 quae

885 2396 1029 2439 percipi
1041 2401 1189 2439 possent
1204 2397 1381 2439 percepit,
1399 2407 1471 2430 non
1485 2400 1565 2430 erat

887 2442 1087 2474 communis
1104 2442 1284 2484 quaedam
1301 2442 1460 2475 omnium
1483 2454 1562 2485 per-

888 2487 1021 2529 ceptio.
1069 2486 1159 2519 Cum
1190 2488 1237 2520 iis
1269 2488 1384 2530 igitur
1417 2499 1564 2530 compa-

886 2532 994 2564 randi
1017 2536 1141 2565 essent
1169 2542 1315 2574 sensus,
1342 2534 1373 2566 si
1403 2544 1469 2576 per
1501 2544 1562 2566 eos

888 2577 984 2610 solos
1006 2582 1128 2611 mente
1160 2588 1232 2611 non
1262 2578 1370 2611 simul
1395 2578 1562 2611 adhibita

887 2633 945 2655 res
962 2623 1245 2676 perciperemus.

932 2668 974 2699 21
1000 2664 1088 2702 ἰδέα
1106 2669 1233 2702 latiori
1250 2679 1359 2702 sensu
1377 2669 1564 2722 aecipien-

889 2712 974 2745 dum
1002 2717 1074 2753 est,
1109 2725 1194 2747 nam
1226 2715 1430 2756 angustiori
1455 2720 1562 2758 ’ψυχη

887 2768 960 2790 non
977 2761 1033 2791 est
1048 2759 1145 2793 idea.
1180 2760 1237 2792 Cf.
1257 2759 1396 2799 Zeller,
1413 2760 1509 2792 Phil.
1528 2761 1562 2796 d.

887 2803 1033 2839 Griech.
1058 2805 1095 2838 11
1113 2816 1147 2848 p.
1165 2806 1247 2845 422,
1265 2806 1348 2850 494,
1366 2806 1442 2839 532.
