1716 2970
0 2467 27 2567 :ys-‘7313
0 2399 22 2422 ,⁴¹¹⁷
0 2379 1 2382 Α
0 2337 11 2343 Δ

656 110 1038 148 PROLEGOMENA.
1520 108 1572 151 17

135 236 246 277 sunt,
266 229 474 270 habentur.
504 226 652 268 Avibus
668 227 789 278 igitur
804 225 946 264 mentis
970 223 1133 263 notitiae
1155 223 1305 263 similes
1322 229 1426 264 sunt.
1454 222 1573 264 Cuius

139 288 248 328 enim
269 286 327 326 rei
347 287 427 326 sive
448 283 635 324 discendo
657 283 737 322 sive
759 280 998 322 inveniendo
1019 280 1224 320 scientiam
1249 279 1461 326 habemus,
1486 292 1571 320 eam

138 345 255 409 quasi
283 347 417 395 saepto
444 340 613 393 quodam
645 340 894 379 continemus
923 343 959 377 et
990 338 1043 376 ita
1070 337 1229 377 scimus.
1278 335 1364 377 Alia
1392 349 1485 376 vero
1515 342 1574 377 est

143 401 244 441 ratio
275 399 502 439 notitiarum
530 396 694 442 mentis,
725 407 821 447 quas
849 405 1058 439 venamur,
1089 404 1327 446 quamquam
1361 394 1484 433 menti
1511 394 1572 433 in-

143 462 249 498 sunt.
300 453 428 494 Veluti
455 454 523 505 qui
543 453 814 493 arithmeticae
842 451 997 503 peritus
1018 455 1096 495 est,
1128 461 1367 502 quamquam
1396 451 1574 490 omnium

142 523 400 554 numerorum
422 511 597 550 rationes
617 509 819 561 cognovit,
842 508 929 547 fieri
949 512 1082 547 tamen
1103 511 1247 559 potest,
1269 512 1312 547 ut
1332 512 1503 558 quantus
1525 507 1575 546 sit

145 580 336 610 numerus
351 567 508 619 quidam
526 572 700 619 quaerat.
733 565 868 617 Itaque
889 569 1088 616 tamquam
1105 564 1275 603 insciens
1292 565 1448 615 quaerit
1469 563 1575 615 quod

144 628 222 666 iam
243 623 406 675 novit1).
437 623 535 663 Inde
555 627 721 674 apparet
741 620 940 674 duplicem
962 632 1049 661 esse
1070 621 1181 673 quasi
1201 621 1451 661 venationem
1473 621 1574 660 noti-

140 683 308 727 tiarum,
332 679 514 726 alteram,
537 684 746 731 antequam
767 677 1038 743 possidemus,
1068 676 1295 729 possidendi
1317 689 1454 723 causa,
1478 676 1576 717 alte-

144 750 249 784 ram,
280 749 515 802 quamquam
545 735 813 787 possidemus,
843 739 887 773 ut
913 734 961 773 iis
987 735 1028 773 in
1049 735 1248 785 praesenti
1267 740 1438 774 utamur.
1489 733 1575 774 Hoc

145 796 213 848 qui
232 794 343 840 facit,
375 799 440 834 aut
460 794 589 832 sciens
609 804 710 845 quae
731 791 879 831 dudum
908 791 982 830 scit
1010 790 1164 830 discere
1195 792 1303 842 cupit
1330 796 1398 830 aut
1424 802 1574 836 rerum,

146 862 244 904 quas
267 862 358 891 eum
387 850 489 890 scire
518 849 807 893 concessimus,
840 847 1018 887 insciens
1049 853 1119 886 est.
1173 846 1251 886 Sed
1280 847 1357 886 hoc
1384 852 1474 887 utut
1502 851 1575 893 est,

142 908 333 960 quoniam
355 906 503 946 habere
525 911 562 945 et
582 904 785 958 possidere
806 905 910 944 inter
931 915 974 943 se
990 902 1190 950 differunt,
1222 910 1330 944 certe
1358 916 1459 968 quae
1487 904 1577 955 quis

147 963 323 1017 possidet
343 974 421 1003 non
442 967 574 1015 potest
594 973 674 1001 non
695 961 901 1013 possidere
922 972 1051 1011 neque
1067 972 1167 1012 quae
1183 962 1256 1000 scit
1272 962 1438 1001 nescire.
1464 959 1577 1000 Falsa

146 1025 281 1060 autem
304 1020 435 1072 opinio
456 1020 508 1059 ita
530 1019 677 1064 oritur,
702 1023 743 1057 ut
763 1018 850 1070 quis
872 1029 893 1057 e
913 1018 1056 1056 mentis
1076 1018 1245 1063 notitiis,
1269 1029 1366 1069 quas
1386 1017 1576 1070 possidet,

143 1076 318 1129 aliquam
340 1087 540 1127 aucupans
561 1074 676 1115 aliam
696 1086 770 1126 pro
793 1086 849 1120 ea,
872 1085 988 1125 quam
1012 1073 1144 1120 voluit,
1163 1075 1291 1126 capiat
1312 1086 1439 1127 eoque
1460 1074 1578 1114 modo

148 1132 320 1173 fallatur.
353 1132 429 1179 Qui
448 1144 541 1172 vero
563 1143 681 1185 quam
711 1131 851 1176 voluit,
882 1143 968 1170 eam
996 1130 1227 1182 prehendit,
1260 1133 1407 1171 erroris
1436 1142 1580 1183 expers

146 1195 211 1230 est
231 1194 270 1230 et
289 1201 391 1242 quae
411 1200 549 1229 revera
570 1192 661 1228 sunt
682 1189 866 1240 opinatur
876 1185 919 1239 ²).

264 1245 343 1285 Sed
363 1246 397 1285 si
418 1244 514 1284 falsa
536 1245 670 1297 opinio
693 1257 714 1284 e
736 1245 987 1290 notitiarum,
1019 1255 1115 1296 quas
1136 1245 1290 1284 animus
1311 1244 1459 1289 hausit,
1483 1255 1579 1283 con-

151 1301 306 1341 fusione
325 1302 539 1354 repetitur,
569 1302 788 1353 permirum
816 1300 990 1346 videtur,
1023 1300 1127 1352 quod
1160 1302 1271 1340 cuius
1299 1301 1358 1340 rei
1387 1300 1581 1341 hahemus

151 1359 372 1404 scientiam,
402 1370 488 1397 eam
509 1357 765 1397 nihilominus
784 1358 1016 1408 ignoramus
1045 1362 1083 1396 et
1103 1356 1217 1396 aliam
1246 1369 1320 1409 pro
1350 1356 1421 1397 alia
1458 1356 1580 1396 liabe—

152 1427 254 1455 mus.
284 1414 421 1465 Neque
442 1413 554 1454 aliter
571 1426 637 1453 res
652 1426 694 1453 se
714 1413 852 1458 habet,
875 1414 908 1452 si
929 1415 1016 1464 quis
1032 1426 1166 1453 rerum
1183 1414 1339 1453 notitias
1353 1425 1432 1452 non
1451 1413 1580 1452 solum

152 1483 283 1516 veras,
306 1470 374 1510 sed
397 1471 513 1510 etiam
542 1470 661 1510 falsas
683 1472 805 1510 menti
834 1472 964 1510 inesse
992 1471 1216 1521 sumpserit.
1268 1471 1366 1510 Nam
1397 1471 1464 1522 qui
1485 1469 1582 1510 falsa

150 1528 354 1580 opinatur,
384 1532 491 1566 certe
519 1527 680 1566 minime
709 1526 783 1566 sibi
811 1527 965 1566 videtur
993 1526 1109 1566 salsas
1138 1539 1273 1566 rerum
1304 1527 1462 1566 notitias
1492 1538 1581 1566 cum

153 1582 258 1624 veris
287 1582 523 1623 confudisse.
574 1583 632 1622 Ita
662 1583 710 1623 ad
738 1585 906 1634 primam
943 1582 1214 1623 difficultatem
1245 1583 1441 1628 redimus;
1479 1595 1581 1634 quae

150 1641 241 1693 quis
261 1641 366 1679 enim
387 1641 461 1678 scit
480 1652 568 1679 cum
589 1641 637 1679 iis
658 1652 757 1691 quae
780 1641 902 1679 nescit
924 1639 1112 1679 confundi
1129 1652 1210 1678 non
1226 1645 1404 1692 possunt.
1436 1639 1581 1687 Quam-

150 1696 291 1736 obrem
320 1708 458 1736 rursus
485 1695 526 1735 id
553 1696 750 1747 agendum
779 1703 859 1741 est,
890 1703 950 1742 ut,
987 1702 1195 1747 antequam
1235 1695 1353 1736 falsae
1384 1697 1581 1748 opinionis

154 1754 253 1793 ratio
275 1753 523 1804 exquiratur,
547 1765 646 1805 quae
667 1754 718 1792 sit
737 1754 902 1792 scientia
924 1755 1146 1793 accuratius
1167 1753 1391 1792 declaretur
1403 1751 1446 1804 3).

268 1809 450 1849 Fortasse
470 1813 601 1849 autem
623 1821 704 1848 non
724 1809 998 1849 decedendum
1020 1815 1078 1849 est
1099 1810 1148 1848 de
1165 1811 1357 1849 sententia
1379 1814 1470 1849 ante
1491 1821 1583 1862 pro-

156 1865 302 1917 posita,
325 1877 400 1916 qua
429 1867 590 1905 scientia
618 1866 658 1904 in
686 1871 794 1905 recta
825 1867 1010 1917 opinione
1041 1867 1282 1911 continetur;
1315 1878 1406 1905 nam
1435 1867 1584 1905 erroris

157 1932 300 1971 expers
322 1927 392 1960 est.
425 1921 502 1960 Sed
524 1921 638 1960 facile
657 1922 798 1961 iudicis
826 1929 864 1961 et
884 1923 1051 1962 oratoris
1079 1922 1259 1973 exemplo
1290 1922 1426 1962 doceri
1455 1928 1584 1974 potest

158 1978 262 2016 inter
282 1978 486 2016 scientiam
508 1982 545 2016 et
565 1983 716 2016 rectam
731 1979 958 2030 opinionem
974 1978 1142 2018 multum
1158 1980 1364 2018 interesse.
1397 1979 1586 2019 Oratores

158 2033 263 2072 enim
286 2033 436 2073 iudices
458 2045 537 2073 non
560 2033 720 2080 docent,
742 2034 812 2074 sed
833 2035 880 2074 iis
900 2034 1159 2085 persuadent,
1183 2041 1227 2074 ut
1247 2047 1348 2087 quae
1369 2035 1443 2086 ipsi
1464 2035 1586 2074 velint

159 2090 382 2140 opinentur.
429 2090 674 2130 Persuadere
695 2096 825 2130 autem
848 2096 906 2131 est
927 2092 1154 2143 opinionem
1173 2090 1384 2131 inculcare.
1437 2091 1587 2138 Quodsi

160 2145 355 2186 iudicibus
383 2152 492 2186 recte
521 2158 753 2198 persuasum
786 2152 845 2187 est
872 2147 921 2187 de
941 2148 1007 2194 iis,
1037 2160 1136 2199 quae
1166 2160 1283 2187 nemo
1305 2148 1380 2187 nisi
1409 2149 1474 2200 qui
1504 2149 1586 2200 ipse

159 2201 300 2242 viderit
319 2203 421 2242 scire
443 2204 582 2255 possit,
614 2215 744 2243 veram
776 2204 1000 2256 opinionem
1029 2211 1240 2257 sequentes
1268 2209 1376 2244 recte
1397 2205 1583 2250 iudicant,

161 2270 240 2298 non
261 2259 462 2299 scientiam
484 2261 600 2299 nacti.
633 2260 674 2299 Si
697 2272 788 2299 vero
810 2260 912 2299 idem
936 2265 1038 2300 esset
1058 2265 1166 2301 recta
1197 2261 1329 2313 opinio
1352 2265 1389 2300 et
1410 2261 1584 2306 scientia,

161 2315 361 2366 perfectus
380 2316 498 2355 iudex
518 2317 602 2356 sine
622 2317 785 2357 scientia
806 2329 1007 2369 nunquam
1029 2323 1138 2357 recte
1159 2318 1401 2369 opinaretur.
1450 2317 1586 2370 Itaque

161 2372 262 2411 inter
283 2378 495 2424 utrumque
517 2378 680 2425 apparet
700 2373 858 2425 aliquod
880 2385 966 2414 esse
987 2374 1201 2413 discrimen
1212 2372 1256 2424 ⁴).

275 2429 375 2468 Dicit
395 2434 525 2469 autem
549 2429 707 2494 quidam
728 2430 931 2470 scientiam
953 2442 1038 2470 esse
1060 2443 1193 2470 veram
1226 2431 1453 2482 opinionem
1475 2426 1587 2483 μετὰ

159 2481 319 2536 λόγους
343 2482 480 2537 λόγου
502 2486 606 2525 enim
626 2498 726 2538 quae
747 2487 824 2525 sint
846 2487 1032 2537 expertia,
1055 2499 1099 2526 ea
1121 2488 1215 2526 sciri
1234 2499 1312 2526 non
1335 2499 1461 2539 posse,
1485 2498 1587 2538 quae

163 2552 256 2580 vero
284 2539 422 2593 λόγον
452 2542 640 2587 habeant,
671 2554 716 2581 ea
744 2554 860 2594 posse
889 2542 1165 2595 sciri5).1am
1195 2555 1288 2583 vero
1318 2544 1587 2583 definitionem

161 2608 262 2647 quae
282 2597 320 2636 h.
343 2597 367 2637 1.
398 2610 492 2638 voce
513 2598 652 2651 λόγου
681 2599 943 2650 significatur,
974 2599 1040 2640 ille
1069 2601 1122 2639 ait
1149 2611 1228 2639 non
1258 2600 1465 2639 admittere
1494 2601 1588 2638 sim-

163 2652 374 2704 plicissima
396 2666 575 2707 quaeque
595 2667 729 2694 rerum
753 2656 965 2702 elementa,
997 2669 1018 2696 e
1040 2655 1182 2707 quibus
1212 2658 1342 2696 omnia
1372 2657 1586 2707 composita

255 2788 289 2830 1)
316 2799 348 2823 c.
372 2789 538 2822 xxxvl.
632 2787 667 2832 2)
693 2800 727 2832 p.
753 2790 1028 2823 1973—1990.
1122 2788 1158 2834 3)
1184 2790 1407 2823 0.xxxv11
1432 2800 1466 2833 p.
1485 2789 1588 2824 1990

162 2835 332 2867 -soon
425 2833 460 2877 4)
486 2845 522 2876 p.
548 2834 830 2869 soon-2010.
925 2833 959 2878 5)
987 2845 1017 2868 e.
1041 2835 1246 2870 xxxvm.

232 2900 339 2924 PLAT.
366 2900 523 2923 'musi-m
1297 2892 1317 2923 2
