1748 2944
737 44 1038 80 ΘΕΛΙΤΗΤΟΣ.

1521 43 1602 85 133

179 179 342 218 σαντας
375 161 735 216 αὐτοὺςὲκεῐνος
767 162 848 220 μὲν
881 158 904 207 ὁ
938 163 1029 207 τῶν
1062 163 1213 206 κακῶν
1249 159 1446 219 καθαρὸς
1470 159 1601 214 τόπος
1627 171 1692 203 177

178 230 232 278 οὐ
259 234 445 291 δέξεται,
472 229 638 277 ἐνθάδε
663 231 713 276 δὲ
737 230 818 288 τὴν
843 228 995 282 αὑτοῖς
1018 227 1252 287 ὁμοιότητα
1275 233 1351 286 τῆς
1378 231 1601 287 διαγωγῆς

178 298 247 347 ἀεὶ
273 303 441 357 ἕξουσι,
477 300 604 345 κακοὶ
631 309 782 352 κακοῖς
807 297 1043 356 συνόντες,
1076 300 1214 342 ταῦτα
1249 296 1304 355 δὴ
1337 298 1411 342 καὶ
1436 296 1596 342 παντά-

179 383 316 415 πασιν
357 365 415 422 ὦς
456 368 593 414 δεινοὶ
636 369 709 413 καὶ
752 369 996 425 πανοῦργοι
1038 363 1242 424 ἀνοήτων
1282 366 1421 410 τινῶν
1462 362 1598 411 ἄκου’-

127 451 142 475 5
179 452 343 483 60vta1..

279 511 410 551 ΘΕΟ.
449 505 538 551 Καὶ
562 502 678 562 μάλα
705 501 761 560 δή
776 539 788 561 ,
814 498 848 548 ὠ
876 500 1122 561 Σώκρατες.

278 579 377 619 Σῼ.
419 570 533 619 Οἶδά
557 591 646 629 τοι,
684 574 719 617 ὦ
746 573 902 628 ἑταῖρε.
949 574 998 616 ἓν
1020 571 1169 629 μέντοι
1192 589 1234 615 τι
1258 566 1409 622 αυτοῖς
1434 571 1596 628 συμβέ-

174 637 376 699 βηκεν,”
353 660 419 686 οτι
443 660 499 687 αν
524 644 618 701 ἰδία
642 637 776 698 λόγον
800 641 880 698 δέῃ
905 641 1068 684 δοῦναί
1087 656 1134 684 τε
1159 639 1234 684 καὶ
1258 639 1472 693 δέξασθαι
1496 640 1598 696 περὶ

175 727 239 754 ων
264 711 469 766 ψέγουσι,
495 710 570 754 καὶ
589 706 866 766 ἐθελήσωσιν
889 705 1111 764 ἀνδρικῶς
1134 706 1278 752 πολὺν
1302 704 1464 765 χρόνον
1488 704 1597 751 ὑπο·

124 789 156 814 10
173 787 321 836 μεῖναι
346 778 420 822 καὶ
436 775 495 835 μὴ
515 773 749 861 ἀνάνδρως
769 773 972 834 φεύγειν,
991 772 1089 820 τότε
1108 772 1296 832 ἀτόπως,
1323 777 1356 819 ὠ
1379 773 1595 832 δαιμόνιε,

174 847 462 899 τελευτωντες
486 842 569 890 οὐκ
593 842 860 902 ἀρέσκουσιν
878 840 1003 888 αυτοὶ
1023 840 1174 896 αὐτοῖς
1192 844 1294 901 περὶ
1320 862 1383 888 ων
1401 843 1596 900 λέγουσι,

172 915 247 958 καὶ
270 911 298 971 ἡ
323 911 533 972 ρητορικὴ
567 914 712 970 ἐκείνη
749 931 841 966 πως
873 907 1246 970 ἀπομαραίνεται,
1277 925 1389 956 ωστε
1420 914 1597 956 παίδων
1651 965 1660 974 .

171 981 313 1039 μηδεν
338 985 487 1027 δοκεῖν
513 981 755 1039 διαφέρειν.
794 980 895 1038 περὶ
919 998 1001 1038 μεν
1024 972 1107 1026 οὖν
1129 977 1316 1035 τούτων,
1343 977 1497 1036 ἐπειδὴ
1522 980 1594 1024 καὶ

172 1047 370 1108 πάρεργα
394 1047 602 1107 τυγχάνει
626 1047 864 1106 λεγόμενα,
896 1045 1177 1105 ἄποστῶμεν
1207 1052 1248 1092 εἰ
1272 1047 1320 1092 δε
1345 1046 1429 1104 μή,
1456 1053 1594 1092 πλείω

123 1132 155 1158 15
173 1113 240 1161 ἀεὶ
267 1119 524 1174 ἐπιρρέοντα
549 1114 792 1175 καταχώσει
815 1115 940 1175 ἡμῶν
971 1113 1049 1161 τὸν
1083 1117 1126 1169 ἐξ
1159 1111 1294 1173 ἀρχῆς
1328 1114 1482 1172 λόγον·
1521 1117 1591 1160 ἐπὶ

176 1184 223 1229 δὲ
250 1182 301 1229 τὰ
326 1189 580 1242 ἔμπροσθεν
606 1192 766 1243 ἴωμεν,
793 1188 834 1229 εἰ
855 1185 929 1229 καὶ
954 1184 1023 1228 σοὶ
1050 1186 1183 1228 δοκεῖ.

276 1259 407 1299 ΘΕΟ.
442 1249 559 1311 Ἐμοὶ
581 1254 663 1310 μὲν
687 1251 739 1298 τὰ
764 1254 966 1309 τοιαῦτα,
992 1245 1027 1296 ὦ
1054 1249 1312 1310 Σώκρατες,
1345 1247 1429 1295 οὐκ
1461 1248 1592 1308 ἀηδέ-

273 1377 293 1407 3
315 1386 381 1407 και
403 1385 474 1406 om.
491 1374 519 1407 C
536 1375 644 1408 [isch.

173 1421 214 1452 10
231 1422 371 1462 φυγεῖν
389 1422 406 1454 b
423 1420 533 1452 Hselz.

170 1458 289 1503 οὕτως
306 1466 398 1497 coni.
419 1466 496 1499 Ast

219 1568 233 1598 1
275 1565 349 1599 τῶν
394 1564 540 1599 κακῶνε
585 1559 733 1621 πλάνης
777 1563 844 1598 καὶ

170 1606 304 1649 ἀνοίας
336 1610 402 1644 καὶ
435 1605 565 1663 φόβων
600 1608 668 1643 καὶ
702 1605 843 1662 αγρίων

170 1651 316 1698 ἐρώτων
331 1654 395 1689 καὶ
405 1669 480 1690 των
489 1650 612 1689 αλλων
625 1655 753 1689 κακῶν
769 1655 843 1689 τῶν

169 1691 432 1744 ἀνθρωπείων.
474 1701 611 1734 Phaed.
628 1701 720 1736 81Α,
755 1701 843 1736 CPL.

214 1749 235 1780 3
273 1749 408 1785 κακοῖς
458 1745 607 1788 (neutr.)
652 1741 842 1785 συνόντες.

169 1792 292 1824 Verba
330 1792 537 1825 convictum
578 1795 615 1824 et
654 1793 844 1825 contuber-

168 1838 269 1869 nium
291 1835 541 1879 significantia
563 1836 662 1879 apud
684 1837 845 1870 Graecos

170 1882 463 1925 frequentissime
494 1882 770 1914 transferuntur
797 1882 844 1914 ad

168 1928 268 1960 vitae
309 1927 570 1960 condicionem.
618 1926 676 1960 Cf.
713 1927 844 1960 Schoe-

169 1983 321 2005 mannus
340 1972 387 2004 ad
404 1972 501 2004 Plut.
520 1973 585 2014 Ag.
606 1973 659 2013 17,
677 1973 709 2004 2.

212 2020 234 2050 4
258 2015 382 2051 δεινοὶ
416 2015 481 2050 καὶ
516 2015 735 2060 πανοῦργοι.
784 2017 841 2050 cf.

169 2063 215 2095 ad
233 2074 266 2106 p.
290 2063 404 2097 154D.

213 2121 232 2151 7
268 2113 372 2153 Οἷδοέ
410 2129 487 2160 τοι,
525 2119 591 2150 ita
622 2128 728 2150 sane
761 2122 841 2153 est,

168 2165 238 2196 His
276 2165 398 2197 verbis
433 2164 603 2196 Socrates
633 2164 712 2205 ipse
752 2175 842 2206 quae

168 2209 273 2242 modo
291 2209 335 2241 de
352 2209 558 2241 hominibus
571 2219 593 2240 a
611 2208 841 2251 philosophia

168 2254 301 2287 alienis
318 2254 462 2287 dixerat
478 2256 665 2296 expertum
680 2264 720 2286 se
735 2255 840 2296 scire,

168 2310 239 2332 non
256 2299 398 2342 opinari
423 2298 622 2342 significat.

212 2356 234 2388 8
262 2349 373 2399 λόγον
397 2354 540 2388 δοῦναί
565 2365 604 2387 τε
633 2352 699 2387 καὶ
729 2351 838 2406 δέξα-

167 2400 275 2434 σθαι.
323 2401 364 2433 P.
395 2400 496 2433 2020
530 2396 596 2433 τὸν
634 2395 691 2453 μή
722 2395 842 2432 &vva-

167 2455 281 2495 μενον
308 2444 451 2478 δοῦναί
476 2456 516 2478 τε
547 2443 612 2477 καὶ
643 2441 840 2499 δέξασθαι

170 2484 281 2529 λόγον
308 2484 592 2540 ἀνεπιστήμονα
623 2485 724 2523 εἶναι
751 2501 838 2540 περι

168 2531 320 2568 τούτου·
353 2529 631 2585 προσλαβόντα
650 2532 693 2568 δὲ
728 2530 839 2578 λόγον

169 2575 337 2613 δυνατόν
364 2592 403 2614 τε
426 2579 549 2614 ταῦτα
579 2574 706 2613 πάντα
734 2592 838 2631 γεγο-

169 2621 277 2657 νέναι
299 2623 364 2658 καὶ
387 2625 537 2664 τελείως
566 2620 659 2667 πρὸς
688 2620 840 2668 ε’πιστή-

168 2680 243 2711 μην
266 2665 379 2712 ἕχειν.
426 2672 482 2703 De
508 2671 658 2703 Socrate
683 2672 763 2714 ipso
788 2672 839 2703 di-

169 2715 265 2747 citur
279 2715 376 2748 Prot.
394 2716 495 2749 336ss
520 2715 587 2749 τοῦ
606 2711 651 2749 δε
669 2713 840 2760 διαλέγε-

168 2760 264 2793 σθαι
276 2756 355 2799 οἶός
367 2771 515 2794 1:11
529 2772 575 2794 κα
579 2759 591 2794 ὶ
607 2755 838 2796 ἐπίστασθαι

782 1375 803 1407 8
825 1383 889 1406 οτε
906 1374 973 1411 F¹¹¹‚
998 1383 1092 1405 οταν
1115 1371 1199 1414 (om.
1225 1365 1287 1424 αν)
1313 1374 1330 1407 b
1348 1374 1453 1405 lisele.

626 1421 666 1452 12
688 1416 813 1462 nwg]‘
824 1419 990 1462 penitus’
1009 1419 1179 1459 Ficinus,
1205 1412 1358 1456 πάντως
1376 1419 1469 1451 coni.
1490 1419 1592 1459 Hclfi,

914 1560 1026 1608 λόγον
1058 1575 1097 1598 τε
1130 1563 1271 1598 δοῦναι
1302 1563 1366 1598 καὶ
1387 1562 1591 1617 δέξασθαι

912 1605 1152 1653 θαυμάζοιμ’
1178 1622 1227 1644 αν
1253 1610 1292 1644 εἴ
1303 1623 1354 1656 τῳ
1372 1605 1590 1653 ἀνθρώπων

911 1658 1144 1699 παραχωρει.

959 1703 1000 1734 12
1023 1711 1112 1740 πως.
1147 1701 1391 1743 Cf.p.14413
1416 1700 1460 1734 οἵ
1476 1712 1516 1734 τε
1542 1698 1591 1734 αὖ

911 1742 1201 1799 ἔμβριθέστεροι
1215 1746 1366 1798 νωθροί
1375 1758 1454 1785 πως
1468 1740 1590 1779 ἄπαν-

912 1792 1001 1825 τῶσι
1018 1787 1113 1833 πρὸς
1129 1803 1197 1830 τας
1215 1787 1420 1834 μαθήσεις.

957 1836 1125 1870 παίδιων
1141 1855 1185 1860 -
1208 1836 1422 1879 διαφέρειν.
1464 1838 1591 1870 ‘Haec

914 1882 1070 1915 formula
1097 1893 1203 1915 usum
1233 1882 1348 1915 habet
1381 1883 1593 1925 proverbia-

912 1927 994 1960 lem.
1038 1927 1194 1960 Phaedr.
1218 1927 1322 1960 279A
1349 1925 1384 1961 εἰ
1405 1946 1449 1950 —-
1471 1924 1590 1960 πλέον

912 1966 935 2014 ἢ
965 1971 1116 2005 παίδων
1144 1970 1346 2015 διενέγκοι.
1395 1973 1511 2016 Legg.
1537 1974 1590 2006 IX

911 2018 1018 2051 864D
1041 2018 1204 2052 Alcib.1
1230 2017 1340 2050 1220.
1367 2018 1466 2053 conf.
1484 2019 1590 2061 Wyt-

911 2063 1082 2097 tenbach.
1101 2063 1148 2095 ad
1165 2063 1304 2095 Phaed.
1296 2074 1357 2115 p.
1377 2064 1438 2095 181
1458 2073 1511 2106 sq.
1536 2063 1590 2095 Si-

910 2108 1012 2140 milis
1029 2108 1184 2142 formula
1198 2111 1256 2141 est
1270 2119 1342 2141 καν
1354 2111 1448 2146 παῖς
1465 2108 1588 2151 γνοίη.

911 2153 1083 2186 Ceterum
1105 2154 1162 2186 his
1184 2154 1307 2187 verbis
1339 2154 1425 2195 quid
1451 2153 1589 2196 signifi-

911 2203 1032 2237 cetur,
1058 2198 1224 2231 Calliclis
1247 2199 1285 2231 in
1307 2199 1445 2241 Gorgia
1469 2210 1587 2232 exem-

910 2244 1008 2286 plum
1025 2224 1183 2280 docebit
1189 2247 1199 2263 '
1233 2245 1541 2277 S‘rALLBAUMms.

956 2302 997 2333 15
1021 2295 1259 2355 ἐπιρρέοντα.
1284 2300 1421 2333 Similis
1440 2304 1495 2333 ost
1514 2312 1587 2333 me-

907 2346 1063 2389 taphora
1081 2346 1182 2378 verbi
1201 2340 1348 2400 ἐπιζεῖν
1366 2346 1472 2397 polit.
1489 2346 1586 2379 3020

908 2391 974 2424 τοῦ
992 2390 1063 2424 νῦν
1082 2386 1359 2444 ἐπικεχυμενου
1378 2387 1504 2443 λόγου.
1531 2393 1585 2423 De

907 2436 983 2492 [Lag
1003 2436 1073 2468 VII
1102 2437 1205 2469 793ss
1240 2431 1259 2468 ὁ
1290 2435 1360 2469 νῦν
1393 2432 1442 2478 δή
1477 2431 1586 2479 λόγος

906 2477 1001 2524 ἡμῖν
1018 2476 1234 2525 ἐπιχυθείς.

953 2531 1178 2589 καταχώσει.
1218 2538 1316 2580 Gorg
1333 2538 1435 2571 512ss
1459 2537 1585 2570 καίτοι

910 2578 945 2614 εἰ
960 2578 1135 2634 βούλοιτο
1152 2579 1288 2633 λέγειν,
1307 2581 1334 2616 ὠ
1347 2582 1585 2633 Καλλίκλεις,

909 2619 1134 2678 απερῦμεῑς,
1154 2623 1349 2682 σεμνύνων
1364 2623 1406 2661 τὸ
1414 2627 1583 2679 πρᾶγμα,

908 2667 1165 2725 καταχώσειεν
1175 2684 1223 2706 αν
1237 2684 1338 2715 υμας
1350 2676 1428 2711 τοῖς
1445 2668 1584 2723 λόγοις,

910 2713 1028 2759 λέγων
1041 2717 1107 2751 καὶ
1120 2714 1383 2760 παρακαλῶν’
1365 2715 1428 2751 επὶ
1441 2713 1484 2751 τὸ
1499 2717 1584 2751 δεῖν

908 2761 1113 2806 γίγνεσθαι
1130 2758 1426 2806 μηχανοποιούς.
1461 2764 1544 2797 STB.

1621 580 1650 611 B
