1748 2950
539 127 624 182 An'
644 134 971 181 soPms'rAM.
1388 138 1445 179 4⁴1

86 258 180 304 tos,
217 257 262 294 et
298 251 485 307 copiosas
523 250 575 292 de
612 262 750 292 amore
790 251 996 291 orationes
1024 259 1126 303 quae
1154 249 1197 291 in
1225 247 1442 304 Symposio

86 311 313 360 habentur,
352 322 443 349 cum
479 308 617 349 subtili
654 309 734 348 ista
763 307 1037 360 disputatione
1064 307 1116 347 de
1145 310 1239 346 ente
1269 311 1313 346 et
1343 319 1445 347 non-

89 371 203 417 ente,
244 368 296 407 de
335 364 488 406 fraudis
529 369 571 404 et
609 365 761 404 erroris
790 364 998 413 fontibus,
1040 364 1094 412 de
1122 363 1341 416 Sophistae
1371 376 1441 403 na·-

87 427 180 464 tura
213 427 257 463 et
285 423 474 474 ingenio,
513 421 565 460 de
602 432 698 461 vera
738 425 859 473 atque
890 421 993 460 salsa
1022 425 1111 460 arte
1139 421 1246 459 civili
1273 421 1443 471 aliisque

88 481 270 533 cognatis
300 479 568 530 argumentis,
610 481 652 518 et
680 477 801 518 facile
837 477 1010 525 videbit,
1051 481 1301 529 quantopere
1339 477 1441 515 haec

90 537 220 577 omnia
248 537 355 575 inter
385 548 431 574 se
461 536 619 574 diversa
647 535 751 583 sint,
792 535 1032 587 praesertim
1064 536 1098 573 si
1128 535 1247 574 etiam
1279 533 1329 573 ad
1359 534 1443 573 dis·-

89 593 254 633 serendi
279 593 381 631 viam
403 592 684 642 rationemque
700 590 933 630 attenderit.
997 590 1101 641 Quid
1118 591 1270 642 igitur?
1302 590 1441 642 ecquis

88 650 165 691 sibi
192 650 268 688 iam
298 647 583 699 persuadebit,
628 660 748 698 quum
789 648 969 699 ipsarum
1008 659 1146 686 rerum
1183 648 1443 698 quaestiones

86 707 127 746 in
155 707 220 745 his
249 705 363 744 libris
396 705 476 743 sint
506 703 824 752 dlversissimae,
862 708 998 743 tamen
1026 703 1118 742 fieri
1147 704 1355 756 potuisse,
1394 705 1442 742 ut

86 762 322 815 philosophi
351 762 506 800 scilieet
534 761 667 811 imago
696 761 737 799 in
756 760 975 800 Phaedone
1005 764 1048 799 et
1067 759 1282 812 Symposio
1304 759 1443 798 adum-

86 819 201 859 brata
240 818 288 856 ad
318 817 481 856 Politici
520 821 561 856 et
601 815 821 868 sophistae
860 818 1040 868 speciem
1068 817 1109 855 in
1138 816 1442 867 cognominibus

85 875 201 915 libris
231 875 483 926 propositam
512 872 774 912 referretur-‘3
830 872 1029 912 Nimirum
1047 873 1151 912 haee
1170 873 1238 923 qui
1269 872 1441 911 credere

85 931 282 980 voluerit,
325 943 415 969 eum
441 942 639 981 nunquam
670 929 899 980 putabimus
930 930 1104 968 animum
1135 929 1359 968 advertisse
1389 927 1440 967 ad

87 989 259 1028 divinam
287 986 396 1026 illam
424 987 622 1038 planeque
661 985 937 1024 admirabilem
965 985 1144 1025 Platonis
1174 988 1323 1033 artem,
1364 996 1442 1035 qua

87 1057 190 1097 quae
219 1044 272 1082 de
299 1043 423 1082 rebus
453 1043 501 1081 ad
531 1041 829 1094 philosophiam
854 1043 1148 1094 pertinentibus
1169 1041 1440 1092 disputantur,

86 1100 385 1153 elegantissime
427 1111 519 1138 cum
556 1099 606 1137 iis
645 1098 871 1138 conciliavit
915 1102 960 1137 et
998 1099 1040 1137 in
1068 1111 1192 1137 uuum
1221 1098 1440 1146 coniunxit,

85 1171 188 1211 quae
216 1157 264 1195 ad
295 1160 480 1196 externas
511 1167 647 1194 rerum
687 1154 943 1193 condiciones
987 1153 1274 1205 hominumque
1303 1165 1440 1194 mores

87 1219 130 1256 et
157 1214 316 1266 ingenia
346 1213 595 1251 referuntur.
652 1211 708 1251 At
733 1223 845 1259 vero,
875 1212 1004 1262 inquit
1034 1211 1199 1262 aliquis,
1230 1211 1347 1250 adest
1375 1214 1443 1249 ta-

86 1285 201 1321 men,
232 1270 352 1310 modo
384 1269 601 1320 diligenter
630 1267 893 1316 observetur,
927 1268 1036 1306 inter
1065 1280 1136 1306 eos
1165 1268 1306 1315 libros,
1339 1278 1440 1318 quos

86 1325 884 1369 Schleiermacherus-coniunctos
915 1324 1207 1376 copulatosque
1247 1335 1340 1362 esse
1370 1334 1441 1361 vo·

85 1385 186 1433 luit,
223 1383 448 1435 argumenti
485 1382 680 1433 quaedam
723 1381 908 1432 cognatio
939 1385 981 1420 et
1019 1381 1132 1432 quasi
1172 1380 1440 1428 continuatio;

85 1443 208 1482 immo
239 1452 290 1479 ex
318 1440 407 1492 ipso
429 1439 590 1478 Politici
623 1441 666 1477 et
695 1437 914 1490 Sophistae
942 1437 1154 1489 proposito
1197 1436 1440 1487 intelligitur

85 1510 167 1538 non
204 1497 333 1536 fuisse
362 1496 654 1542 necessarium,
695 1499 742 1534 ut:
773 1494 991 1545 peculiaris
1024 1494 1193 1545 scriptio
1223 1493 1276 1531 de
1304 1492 1439 1544 philo-

88 1554 220 1607 sopho
250 1557 572 1604 componeretur.
631 1549 674 1588 ld
703 1550 808 1602 quod
838 1550 1160 1590 demonstratum
1190 1550 1262 1588 im’t
1291 1560 1440 1600 nuper-

86 1613 190 1651 rime
220 1611 362 1649 doctus
394 1609 552 1659 qnidam
570 1608 738 1655 iuvenis,
766 1607 845 1645 Fr.
876 1606 1009 1645 Guil.
1039 1606 1230 1645 Hertel
1260 1606 1299 1644 in
1319 1605 1441 1644 Com·-

86 1670 251 1706 mentat.
283 1665 344 1703 de
372 1664 614 1703 Platonis
644 1664 880 1703 Politico
911 1663 1025 1701 Halis
1046 1662 1158 1701 1837
1185 1661 1296 1700 foliis
1327 1665 1442 1700 octo-

87 1725 148 1764 nis
180 1723 300 1761 edita.
331 1721 443 1760 Cedo
472 1722 597 1772 igitur
627 1721 713 1759 eius
744 1724 990 1771 argumenta.
1048 1717 1246 1759 Nimirum
1277 1722 1442 1769 postea-

89 1793 207 1831 quam
237 1777 642 1817 Schleiermaeh
655 1788 741 1815 ero
773 1776 1040 1827 adstipulatus
1073 1775 1207 1814 estin
1228 1775 1443 1826 Symposio

87 1834 377 1889 perfectissimi
405 1833 639 1884 philosophi
667 1833 880 1883 imaginem
914 1832 1087 1883 proponi
1110 1831 1354 1870 existimanti
1383 1831 1443 1869 sic

86 1893 176 1932 infit
214 1891 506 1941 argumentari:
552 1889 884 1940 „Inquirentibus
913 1889 1052 1937 nobis,
1081 1888 1223 1939 inquit,
1251 1888 1292 1925 in
1322 1890 1444 1925 natu-

87 1961 172 1989 ram
204 1945 461 1999 philosophi,
493 1946 651 1997 politici
679 1948 722 1984 et
751 1945 982 1996 sophistae,
1015 1948 1056 1983 et
1084 1945 1126 1983 in
1157 1943 1443 1992 differentiam,

92 2018 194 2057 qnae
225 2005 333 2043 inter
363 2013 502 2041 eorum
531 2002 616 2041 sive
646 2002 836 2040 scientias
867 2002 951 2040 sive
983 2004 1091 2040 artes
1118 2001 1360 2046 intercedat,
1393 1999 1444 2036 il-

86 2063 159 2101 lud
187 2073 258 2100 sua
290 2064 438 2111 sponte
467 2070 513 2096 se
544 2058 685 2106 offert,
729 2057 834 2108 quod
864 2057 980 2096 Plato
1009 2057 1100 2107 ipse
1130 2056 1314 2108 plurimis
1345 2056 1445 2094 locis

91 2117 348 2164 enuntiavit,-
383 2114 672 2166 philosophum
711 2113 943 2165 oppositum
987 2125 1081 2152 esse
1119 2112 1352 2163 sophistae,
1398 2116 1445 2150 ut

91 2176 158 2226 qui
194 2186 290 2211 vere
324 2172 517 2210 scientiae
555 2171 710 2221 peritus
751 2170 804 2208 sit
843 2171 903 2216 ei,
946 2170 1012 2220 qui
1049 2170 1228 2220 speciem
1267 2172 1444 2206 tantum—

89 2230 208 2269 modo
239 2241 338 2280 prae
361 2241 406 2265 se
437 2227 557 2273 ferat,
582 2230 629 2266 et
661 2225 946 2277 philosophum
980 2230 1022 2264 et
1049 2225 1261 2276 politicum
1291 2225 1350 2262 sic
1378 2225 1444 2262 in-

89 2291 155 2326 ter
185 2297 277 2324 sese
308 2283 498 2330 differre,
537 2285 583 2321 ut
610 2282 717 2320 illius
750 2294 816 2321 res
846 2283 888 2322 in
919 2282 1004 2321 sola
1035 2281 1203 2320 scientia
1241 2285 1442 2327 versetur,

89 2343 157 2382 hic
187 2346 319 2380 autem
342 2353 363 2378 a
386 2339 549 2378 scientia
579 2338 697 2377 simul
727 2338 775 2378 ad
798 2339 996 2389 agendum
1011 2337 1355 2389 transgrediatur3
1388 2336 1445 2374 uti

91 2402 223 2437 autem
253 2410 275 2436 a
304 2395 550 2449 philosopho
592 2394 836 2445 sophistam,
874 2396 934 2434 sic
968 2407 990 2433 a
1019 2406 1116 2432 vero
1154 2393 1324 2444 politico
1365 2392 1444 2430 fal-

90 2467 178 2495 sum
215 2466 308 2493 esse
345 2449 676 2498 discernendum,
728 2452 795 2501 qui
836 2450 934 2489 item
973 2449 1247 2502 sophistarum
1287 2449 1445 2488 ratione

91 2511 218 2550 civilis
260 2509 451 2560 scientiae
487 2519 567 2546 non
597 2507 674 2545 nisi
704 2507 845 2546 umbra
869 2506 1051 2546 vestitus·
1071 2506 1135 2545 sit.
1194 2504 1285 2543 Hoc
1316 2505 1351 2543 si
1381 2508 1443 2542 te-

89 2578 268 2613 neamus,
299 2569 343 2604 et
374 2577 464 2603 cum
494 2563 706 2615 proposito
733 2562 805 2601 illo
834 2560 1034 2610 Platonis,
1055 2563 1165 2601 inter
1194 2560 1443 2611 philosophi,

92 2623 300 2675 sophistae
329 2624 372 2660 et
400 2619 557 2671 politici
588 2619 776 2657 scientias
807 2615 877 2672 (l)
908 2617 1195 2670 distinguendi,
1226 2615 1445 2668 Sophistae

92 2685 135 2718 et
164 2677 324 2719 Pontici
362 2679 640 2729 argumentum
672 2673 981 2724 contendamus,
1007 2674 1105 2714 ‘tum
1143 2673 1374 2716 necessario
1403 2673 1447 2714 in
