<?xml version="1.0" encoding="UTF-8"?>
<!DOCTYPE html PUBLIC "-//W3C//DTD XHTML 1.0 Transitional//EN"
    "http://www.w3.org/TR/xhtml1/DTD/xhtml1-transitional.dtd">
<html xmlns="http://www.w3.org/1999/xhtml" xml:lang="en" lang="en">
 <head>
  <title>
</title>
<meta http-equiv="Content-Type" content="text/html;charset=utf-8" />
  <meta name='ocr-system' content='tesseract 3.04.00' />
  <meta name='ocr-capabilities' content='ocr_page ocr_carea ocr_par ocr_line ocrx_word'/>
</head>
<body>
  <div class='ocr_page' id='page_1' title='image "./operaomniarecens08platuoft/operaomniarecens08platuoft_0159.png"; bbox 0 0 1748 2950; ppageno 0'>
   <div class='ocr_carea' id='block_1_1' title="bbox 714 124 1577 166">
    <p class='ocr_par' dir='ltr' id='par_1_1' title="bbox 714 124 1577 166">
     <span class='ocr_line' id='line_1_1' title="bbox 714 124 1577 166; baseline 0.002 -2"><span class='ocrx_word' id='word_1_1' title='bbox 714 129 1014 164; x_wconf 75' lang='grc' dir='ltr'>ΘΕΑΙΤΠΤΟΣ.</span> <span class='ocrx_word' id='word_1_2' title='bbox 1498 124 1577 166; x_wconf 83' lang='grc'><em>147</em></span> 
     </span>
    </p>
   </div>
   <div class='ocr_carea' id='block_1_2' title="bbox 111 241 1671 1808">
    <p class='ocr_par' dir='ltr' id='par_1_2' title="bbox 155 241 1671 514">
     <span class='ocr_line' id='line_1_2' title="bbox 155 241 1671 332; baseline -0.007 -36"><span class='ocrx_word' id='word_1_3' title='bbox 155 248 267 296; x_wconf 85' lang='grc' dir='ltr'><em>άλλά</em></span> <span class='ocrx_word' id='word_1_4' title='bbox 290 248 374 296; x_wconf 85' lang='grc' dir='ltr'><em>τιν’</em></span> <span class='ocrx_word' id='word_1_5' title='bbox 390 247 543 332; x_wconf 74' lang='grc' dir='ltr'><em>ἄλλην</em></span> <span class='ocrx_word' id='word_1_6' title='bbox 573 244 732 306; x_wconf 85' lang='grc' dir='ltr'><em>φωνὴν</em></span> <span class='ocrx_word' id='word_1_7' title='bbox 755 247 915 292; x_wconf 81' lang='grc' dir='ltr'>θετέον</span> <span class='ocrx_word' id='word_1_8' title='bbox 938 256 1030 299; x_wconf 77' lang='grc' dir='ltr'><em>τοῖς</em></span> <span class='ocrx_word' id='word_1_9' title='bbox 1062 242 1139 290; x_wconf 83' lang='grc' dir='ltr'><em>τὸν</em></span> <span class='ocrx_word' id='word_1_10' title='bbox 1172 241 1306 302; x_wconf 80' lang='grc' dir='ltr'><em>λόγον</em></span> <span class='ocrx_word' id='word_1_11' title='bbox 1329 244 1489 288; x_wconf 78' lang='grc' dir='ltr'><em>τοῦτον</em></span> <span class='ocrx_word' id='word_1_12' title='bbox 1514 243 1581 287; x_wconf 90' lang='grc' dir='ltr'><em>λέ-</em></span> <span class='ocrx_word' id='word_1_13' title='bbox 1608 251 1671 283; x_wconf 83' lang='grc'><em>183</em></span> 
     </span>
     <span class='ocr_line' id='line_1_3' title="bbox 157 309 1581 378; baseline -0.007 -13"><span class='ocrx_word' id='word_1_14' title='bbox 157 333 337 378; x_wconf 80' lang='grc' dir='ltr'><em>γουσιν,</em></span> <span class='ocrx_word' id='word_1_15' title='bbox 372 316 430 371; x_wconf 78' lang='grc' dir='ltr'><em>ὡς</em></span> <span class='ocrx_word' id='word_1_16' title='bbox 454 321 542 363; x_wconf 86' lang='grc' dir='ltr'><em>νῦν</em></span> <span class='ocrx_word' id='word_1_17' title='bbox 564 335 616 374; x_wconf 79' lang='grc' dir='ltr'><em>γε</em></span> <span class='ocrx_word' id='word_1_18' title='bbox 640 313 749 375; x_wconf 84' lang='grc' dir='ltr'><em>πρὸς</em></span> <span class='ocrx_word' id='word_1_19' title='bbox 784 313 867 373; x_wconf 87' lang='grc' dir='ltr'><em>τὴν</em></span> <span class='ocrx_word' id='word_1_20' title='bbox 891 313 1040 360; x_wconf 76' lang='grc' dir='ltr'><em>αὐτῶν</em></span> <span class='ocrx_word' id='word_1_21' title='bbox 1063 309 1288 358; x_wconf 80' lang='grc' dir='ltr'><em>ὑπόθεσιν</em></span> <span class='ocrx_word' id='word_1_22' title='bbox 1311 309 1394 357; x_wconf 81' lang='grc' dir='ltr'><em>οὐκ</em></span> <span class='ocrx_word' id='word_1_23' title='bbox 1431 316 1581 370; x_wconf 79' lang='grc' dir='ltr'><em>ἔχουσι</em></span> 
     </span>
     <span class='ocr_line' id='line_1_4' title="bbox 159 377 1583 448; baseline -0.006 -15"><span class='ocrx_word' id='word_1_24' title='bbox 159 386 353 448; x_wconf 81' lang='grc' dir='ltr'><em>ῥήματα,</em></span> <span class='ocrx_word' id='word_1_25' title='bbox 389 390 430 431; x_wconf 84' lang='grc' dir='ltr'><em>εἰ</em></span> <span class='ocrx_word' id='word_1_26' title='bbox 462 383 522 444; x_wconf 83' lang='grc' dir='ltr'><em>μὴ</em></span> <span class='ocrx_word' id='word_1_27' title='bbox 553 382 638 443; x_wconf 71' lang='grc' dir='ltr'><em>ἄρα</em></span> <span class='ocrx_word' id='word_1_28' title='bbox 671 381 720 429; x_wconf 76' lang='grc' dir='ltr'><em>τὸ</em></span> <span class='ocrx_word' id='word_1_29' title='bbox 753 380 857 429; x_wconf 80' lang='grc' dir='ltr'><em>οὐδ’</em></span> <span class='ocrx_word' id='word_1_30' title='bbox 882 379 1013 436; x_wconf 77' lang='grc' dir='ltr'><em>ὅπως.</em></span> <span class='ocrx_word' id='word_1_31' title='bbox 1073 379 1263 441; x_wconf 89' lang='grc' dir='ltr'><em>μάλιστα</em></span> <span class='ocrx_word' id='word_1_32' title='bbox 1289 378 1331 426; x_wconf 85' lang='grc' dir='ltr'><em>δ’</em></span> <span class='ocrx_word' id='word_1_33' title='bbox 1361 377 1500 433; x_wconf 75' lang='grc' dir='ltr'><em>οὕτως</em></span> <span class='ocrx_word' id='word_1_34' title='bbox 1525 377 1583 425; x_wconf 71' lang='grc' dir='ltr'><em>ἂν</em></span> 
     </span>
     <span class='ocr_line' id='line_1_5' title="bbox 159 450 1046 514; baseline -0.007 -12"><span class='ocrx_word' id='word_1_35' title='bbox 159 452 308 508; x_wconf 79' lang='grc' dir='ltr'><em>αὐτοῖς</em></span> <span class='ocrx_word' id='word_1_36' title='bbox 332 451 561 514; x_wconf 82' lang='grc' dir='ltr'><em>ἆρμόττοι,</em></span> <span class='ocrx_word' id='word_1_37' title='bbox 587 450 770 511; x_wconf 74' lang='grc' dir='ltr'><em>ἄπειρον</em></span> <span class='ocrx_word' id='word_1_38' title='bbox 795 450 1046 510; x_wconf 78' lang='grc' dir='ltr'><em>λεγόμενον.</em></span> 
     </span>
    </p>

    <p class='ocr_par' dir='ltr' id='par_1_3' title="bbox 263 515 1409 578">
     <span class='ocr_line' id='line_1_6' title="bbox 263 515 1409 578; baseline -0.005 -9"><span class='ocrx_word' id='word_1_39' title='bbox 263 529 394 569; x_wconf 89' lang='grc' dir='ltr'><em>ΘΕΟ.</em></span> <span class='ocrx_word' id='word_1_40' title='bbox 435 519 695 578; x_wconf 83' lang='grc' dir='ltr'><em>Οἰκειοτάτη</em></span> <span class='ocrx_word' id='word_1_41' title='bbox 719 522 832 578; x_wconf 81' lang='grc' dir='ltr'><em>γοῦν</em></span> <span class='ocrx_word' id='word_1_42' title='bbox 858 518 1084 572; x_wconf 88' lang='grc' dir='ltr'><em>διάλεκτος</em></span> <span class='ocrx_word' id='word_1_43' title='bbox 1109 517 1220 577; x_wconf 80' lang='grc' dir='ltr'><em>αὕτη</em></span> <span class='ocrx_word' id='word_1_44' title='bbox 1245 515 1409 571; x_wconf 81' lang='grc' dir='ltr'><em>αὐτοῖς.</em></span> 
     </span>
    </p>

    <p class='ocr_par' dir='ltr' id='par_1_4' title="bbox 158 584 1638 855">
     <span class='ocr_line' id='line_1_7' title="bbox 261 584 1583 666; baseline -0.005 -29"><span class='ocrx_word' id='word_1_45' title='bbox 261 597 360 638; x_wconf 74' lang='grc' dir='ltr'><em>Σῼ.</em></span> <span class='ocrx_word' id='word_1_46' title='bbox 401 587 594 648; x_wconf 77' lang='grc' dir='ltr'><em>Οὐκοῦν,</em></span> <span class='ocrx_word' id='word_1_47' title='bbox 622 591 655 634; x_wconf 82' lang='grc' dir='ltr'><em>ὠ</em></span> <span class='ocrx_word' id='word_1_48' title='bbox 684 587 912 648; x_wconf 77' lang='grc' dir='ltr'><em>Θεόδωρε,</em></span> <span class='ocrx_word' id='word_1_49' title='bbox 948 590 1028 634; x_wconf 83' lang='grc' dir='ltr'><em>τοῦ</em></span> <span class='ocrx_word' id='word_1_50' title='bbox 1050 606 1097 634; x_wconf 91' lang='grc' dir='ltr'><em>τε</em></span> <span class='ocrx_word' id='word_1_51' title='bbox 1120 589 1203 633; x_wconf 87' lang='grc' dir='ltr'><em>σοῦ</em></span> <span class='ocrx_word' id='word_1_52' title='bbox 1237 587 1418 646; x_wconf 76' lang='grc' dir='ltr'><em>ἑταίρου</em></span> <span class='ocrx_word' id='word_1_53' title='bbox 1441 584 1583 666; x_wconf 80' lang='grc' dir='ltr'><em>ἀπηλ-</em></span> 
     </span>
     <span class='ocr_line' id='line_1_8' title="bbox 159 651 1584 738; baseline -0.004 -33"><span class='ocrx_word' id='word_1_54' title='bbox 159 658 378 718; x_wconf 81' lang='grc' dir='ltr'><em>λάγμεθα,</em></span> <span class='ocrx_word' id='word_1_55' title='bbox 404 660 479 704; x_wconf 86' lang='grc' dir='ltr'><em>καὶ</em></span> <span class='ocrx_word' id='word_1_56' title='bbox 503 656 630 704; x_wconf 79' lang='grc' dir='ltr'><em>οὔπω</em></span> <span class='ocrx_word' id='word_1_57' title='bbox 655 659 977 738; x_wconf 74' lang='grc' dir='ltr'><em>συγχωροῦμεν</em></span> <span class='ocrx_word' id='word_1_58' title='bbox 1001 653 1123 718; x_wconf 76' lang='grc' dir='ltr'><em>αὐτῷ</em></span> <span class='ocrx_word' id='word_1_59' title='bbox 1146 653 1275 701; x_wconf 97' lang='grc' dir='ltr'><em>πάντ</em></span> <span class='ocrx_word' id='word_1_60' title='bbox 1299 654 1444 714; x_wconf 88' lang='grc' dir='ltr'><em>άνδρα</em></span> <span class='ocrx_word' id='word_1_61' title='bbox 1469 651 1584 700; x_wconf 89' lang='grc' dir='ltr'><em>πάν-</em></span> 
     </span>
     <span class='ocr_line' id='line_1_9' title="bbox 158 721 1638 787; baseline -0.005 -13"><span class='ocrx_word' id='word_1_62' title='bbox 158 746 249 774; x_wconf 88' lang='grc' dir='ltr'><em>των</em></span> <span class='ocrx_word' id='word_1_63' title='bbox 272 725 508 787; x_wconf 87' lang='grc' dir='ltr'><em>χρημάτων</em></span> <span class='ocrx_word' id='word_1_64' title='bbox 531 726 692 785; x_wconf 82' lang='grc' dir='ltr'><strong><em>μέτρον</em></strong></span> <span class='ocrx_word' id='word_1_65' title='bbox 726 725 865 783; x_wconf 82' lang='grc' dir='ltr'><em>εἶναι,</em></span> <span class='ocrx_word' id='word_1_66' title='bbox 898 721 955 771; x_wconf 73' lang='grc' dir='ltr'><em>ἂν</em></span> <span class='ocrx_word' id='word_1_67' title='bbox 979 723 1038 784; x_wconf 85' lang='grc' dir='ltr'><em>μὴ</em></span> <span class='ocrx_word' id='word_1_68' title='bbox 1063 722 1279 784; x_wconf 85' lang='grc' dir='ltr'><em>φρόνιμός</em></span> <span class='ocrx_word' id='word_1_69' title='bbox 1310 742 1375 778; x_wconf 86' lang='grc' dir='ltr'><em>τις</em></span> <span class='ocrx_word' id='word_1_70' title='bbox 1409 723 1458 782; x_wconf 76' lang='grc' dir='ltr'><em>ᾗ·</em></span> <span class='ocrx_word' id='word_1_71' title='bbox 1494 724 1584 768; x_wconf 89' lang='grc' dir='ltr'><em>ε’πι-</em></span> <span class='ocrx_word' id='word_1_72' title='bbox 1610 727 1638 761; x_wconf 83' lang='lat' dir='ltr'>C</span> 
     </span>
     <span class='ocr_line' id='line_1_10' title="bbox 161 790 1584 855; baseline -0.004 -13"><span class='ocrx_word' id='word_1_73' title='bbox 161 794 332 855; x_wconf 83' lang='grc' dir='ltr'><em>στήμην</em></span> <span class='ocrx_word' id='word_1_74' title='bbox 355 815 403 842; x_wconf 90' lang='grc' dir='ltr'><em>τε</em></span> <span class='ocrx_word' id='word_1_75' title='bbox 427 802 642 853; x_wconf 82' lang='grc' dir='ltr'><em>αἴσθησιν</em></span> <span class='ocrx_word' id='word_1_76' title='bbox 674 792 728 839; x_wconf 85' lang='grc' dir='ltr'><em>οὐ</em></span> <span class='ocrx_word' id='word_1_77' title='bbox 753 792 1136 853; x_wconf 76' lang='grc' dir='ltr'><em>συγχωρησόμεθα</em></span> <span class='ocrx_word' id='word_1_78' title='bbox 1160 790 1272 838; x_wconf 87' lang='grc' dir='ltr'><em>κατά</em></span> <span class='ocrx_word' id='word_1_79' title='bbox 1304 810 1356 850; x_wconf 78' lang='grc' dir='ltr'><em>γε</em></span> <span class='ocrx_word' id='word_1_80' title='bbox 1390 791 1472 849; x_wconf 80' lang='grc' dir='ltr'><em>τὴν</em></span> <span class='ocrx_word' id='word_1_81' title='bbox 1504 792 1584 836; x_wconf 86' lang='grc' dir='ltr'><em>τοῦ</em></span> 
     </span>
    </p>

    <p class='ocr_par' dir='ltr' id='par_1_5' title="bbox 111 859 1585 990">
     <span class='ocr_line' id='line_1_11' title="bbox 111 859 1585 921; baseline -0.004 -11"><span class='ocrx_word' id='word_1_82' title='bbox 111 878 143 902; x_wconf 82' lang='lat'><em>¹0</em></span> <span class='ocrx_word' id='word_1_83' title='bbox 162 863 305 910; x_wconf 85' lang='grc' dir='ltr'><em>πάντα</em></span> <span class='ocrx_word' id='word_1_84' title='bbox 329 871 553 910; x_wconf 80' lang='grc' dir='ltr'><em>κινεῖσθαι</em></span> <span class='ocrx_word' id='word_1_85' title='bbox 575 864 795 921; x_wconf 79' lang='grc' dir='ltr'><em>μέθοδον,</em></span> <span class='ocrx_word' id='word_1_86' title='bbox 831 866 872 907; x_wconf 82' lang='grc' dir='ltr'><em>εἰ</em></span> <span class='ocrx_word' id='word_1_87' title='bbox 893 860 954 921; x_wconf 87' lang='grc' dir='ltr'><em>μή</em></span> <span class='ocrx_word' id='word_1_88' title='bbox 985 866 1033 907; x_wconf 92' lang='grc' dir='ltr'><em>τί</em></span> <span class='ocrx_word' id='word_1_89' title='bbox 1059 879 1154 914; x_wconf 83' lang='grc' dir='ltr'><em>πως</em></span> <span class='ocrx_word' id='word_1_90' title='bbox 1177 859 1320 914; x_wconf 74' lang='grc' dir='ltr'><em>ἄλλως</em></span> <span class='ocrx_word' id='word_1_91' title='bbox 1347 864 1585 918; x_wconf 78' lang='grc' dir='ltr'><em>Θεαίτητος</em></span> 
     </span>
     <span class='ocr_line' id='line_1_12' title="bbox 159 930 391 990; baseline 0.004 -12"><span class='ocrx_word' id='word_1_92' title='bbox 159 930 236 978; x_wconf 81' lang='grc' dir='ltr'><em>ὅδε</em></span> <span class='ocrx_word' id='word_1_93' title='bbox 260 933 391 990; x_wconf 81' lang='grc' dir='ltr'><strong><em>λέγει.</em></strong></span> 
     </span>
    </p>

    <p class='ocr_par' dir='ltr' id='par_1_6' title="bbox 162 992 1587 1195">
     <span class='ocr_line' id='line_1_13' title="bbox 264 992 1585 1058; baseline -0.005 -11"><span class='ocrx_word' id='word_1_94' title='bbox 264 1007 396 1048; x_wconf 87' lang='grc' dir='ltr'><em>ΘΕΟ.</em></span> <span class='ocrx_word' id='word_1_95' title='bbox 444 995 617 1058; x_wconf 81' lang='grc' dir='ltr'><em>’Ἀριστ’</em></span> <span class='ocrx_word' id='word_1_96' title='bbox 658 1004 859 1058; x_wconf 81' lang='grc' dir='ltr'><em>εἴρηκας,</em></span> <span class='ocrx_word' id='word_1_97' title='bbox 907 992 942 1043; x_wconf 72' lang='grc' dir='ltr'><em>ὦ</em></span> <span class='ocrx_word' id='word_1_98' title='bbox 987 995 1247 1058; x_wconf 74' lang='grc' dir='ltr'><em>Σώκρατες·</em></span> <span class='ocrx_word' id='word_1_99' title='bbox 1290 995 1461 1042; x_wconf 82' lang='grc' dir='ltr'><em>τούτων</em></span> <span class='ocrx_word' id='word_1_100' title='bbox 1501 996 1585 1054; x_wconf 77' lang='grc' dir='ltr'><em>γὰρ</em></span> 
     </span>
     <span class='ocr_line' id='line_1_14' title="bbox 162 1063 1586 1129; baseline -0.004 -14"><span class='ocrx_word' id='word_1_101' title='bbox 162 1070 483 1129; x_wconf 76' lang='grc' dir='ltr'><em>περανθέντων</em></span> <span class='ocrx_word' id='word_1_102' title='bbox 519 1068 592 1113; x_wconf 88' lang='grc' dir='ltr'><em>καὶ</em></span> <span class='ocrx_word' id='word_1_103' title='bbox 618 1067 692 1126; x_wconf 75' lang='grc' dir='ltr'><em>ἐμὲ</em></span> <span class='ocrx_word' id='word_1_104' title='bbox 718 1070 790 1113; x_wconf 78' lang='grc' dir='ltr'><em>δεῖ</em></span> <span class='ocrx_word' id='word_1_105' title='bbox 811 1063 1094 1125; x_wconf 76' lang='grc' dir='ltr'><em>ἀπηλλάχθαι</em></span> <span class='ocrx_word' id='word_1_106' title='bbox 1128 1081 1197 1112; x_wconf 90' lang='grc' dir='ltr'><em>σοι</em></span> <span class='ocrx_word' id='word_1_107' title='bbox 1231 1063 1586 1123; x_wconf 73' lang='grc' dir='ltr'><em>ἀποκρινόμενον</em></span> 
     </span>
     <span class='ocr_line' id='line_1_15' title="bbox 162 1131 1587 1195; baseline -0.003 -12"><span class='ocrx_word' id='word_1_108' title='bbox 162 1135 271 1183; x_wconf 71' lang='grc' dir='ltr'><em>κατὰ</em></span> <span class='ocrx_word' id='word_1_109' title='bbox 294 1136 371 1190; x_wconf 81' lang='grc' dir='ltr'><em>τὰς</em></span> <span class='ocrx_word' id='word_1_110' title='bbox 390 1134 620 1193; x_wconf 82' lang='grc' dir='ltr'><em>συνθήκας</em></span> <span class='ocrx_word' id='word_1_111' title='bbox 634 1170 646 1193; x_wconf 92' lang='grc'><em>,</em></span> <span class='ocrx_word' id='word_1_112' title='bbox 667 1132 816 1193; x_wconf 78' lang='grc' dir='ltr'><em>ἐπειδὴ</em></span> <span class='ocrx_word' id='word_1_113' title='bbox 842 1132 888 1180; x_wconf 85' lang='grc' dir='ltr'>τὸ</span> <span class='ocrx_word' id='word_1_114' title='bbox 909 1135 1012 1194; x_wconf 88' lang='grc' dir='ltr'><em>περὶ</em></span> <span class='ocrx_word' id='word_1_115' title='bbox 1030 1138 1109 1181; x_wconf 87' lang='grc' dir='ltr'><em>τοῦ</em></span> <span class='ocrx_word' id='word_1_116' title='bbox 1130 1132 1432 1195; x_wconf 72' lang='grc' dir='ltr'><em>Πρωταγόρου</em></span> <span class='ocrx_word' id='word_1_117' title='bbox 1452 1131 1587 1191; x_wconf 77' lang='grc' dir='ltr'><em>λόγου</em></span> 
     </span>
    </p>

    <p class='ocr_par' dir='ltr' id='par_1_7' title="bbox 113 1206 448 1263">
     <span class='ocr_line' id='line_1_16' title="bbox 113 1206 448 1263; baseline -0.003 -12"><span class='ocrx_word' id='word_1_118' title='bbox 113 1218 145 1242; x_wconf 78' lang='grc' dir='ltr'><em>1ῡ</em></span> <span class='ocrx_word' id='word_1_119' title='bbox 161 1206 285 1258; x_wconf 83' lang='grc' dir='ltr'><em>τέλος</em></span> <span class='ocrx_word' id='word_1_120' title='bbox 308 1210 448 1263; x_wconf 84' lang='grc' dir='ltr'><em>σχοίη.</em></span> 
     </span>
    </p>

    <p class='ocr_par' dir='ltr' id='par_1_8' title="bbox 163 1268 1588 1469">
     <span class='ocr_line' id='line_1_17' title="bbox 264 1268 1588 1330; baseline -0.002 -12"><span class='ocrx_word' id='word_1_121' title='bbox 264 1270 456 1318; x_wconf 80' lang='lat' dir='ltr'>XXIX.</span> <span class='ocrx_word' id='word_1_122' title='bbox 513 1278 671 1318; x_wconf 91' lang='grc' dir='ltr'><em>ΘΕΑΙ.</em></span> <span class='ocrx_word' id='word_1_123' title='bbox 724 1271 827 1329; x_wconf 86' lang='grc' dir='ltr'><em>Μή,</em></span> <span class='ocrx_word' id='word_1_124' title='bbox 859 1275 968 1330; x_wconf 88' lang='grc' dir='ltr'><em>πρίν</em></span> <span class='ocrx_word' id='word_1_125' title='bbox 991 1268 1036 1328; x_wconf 77' lang='grc' dir='ltr'><em>γ’</em></span> <span class='ocrx_word' id='word_1_126' title='bbox 1065 1269 1147 1328; x_wconf 76' lang='grc' dir='ltr'><em>ἄν,</em></span> <span class='ocrx_word' id='word_1_127' title='bbox 1173 1290 1207 1316; x_wconf 92' lang='grc' dir='ltr'><em>ω</em></span> <span class='ocrx_word' id='word_1_128' title='bbox 1235 1269 1463 1329; x_wconf 80' lang='grc' dir='ltr'><em>Θεόδωρε,</em></span> <span class='ocrx_word' id='word_1_129' title='bbox 1489 1277 1588 1316; x_wconf 84' lang='grc' dir='ltr'><em>Σω-</em></span> 
     </span>
     <span class='ocr_line' id='line_1_18' title="bbox 163 1334 1641 1401; baseline -0.002 -14"><span class='ocrx_word' id='word_1_130' title='bbox 163 1339 326 1401; x_wconf 87' lang='grc' dir='ltr'><em>κράτης</em></span> <span class='ocrx_word' id='word_1_131' title='bbox 349 1360 396 1387; x_wconf 90' lang='grc' dir='ltr'><em>τε</em></span> <span class='ocrx_word' id='word_1_132' title='bbox 420 1342 493 1386; x_wconf 82' lang='grc' dir='ltr'><em>καὶ</em></span> <span class='ocrx_word' id='word_1_133' title='bbox 518 1339 574 1386; x_wconf 81' lang='grc' dir='ltr'><em>σὺ</em></span> <span class='ocrx_word' id='word_1_134' title='bbox 598 1337 702 1392; x_wconf 78' lang='grc' dir='ltr'><em>τούς</em></span> <span class='ocrx_word' id='word_1_135' title='bbox 726 1337 978 1397; x_wconf 78' lang='grc' dir='ltr'><em>φάσκοντας</em></span> <span class='ocrx_word' id='word_1_136' title='bbox 1001 1334 1062 1384; x_wconf 80' lang='grc' dir='ltr'><em>αὖ</em></span> <span class='ocrx_word' id='word_1_137' title='bbox 1085 1338 1133 1384; x_wconf 84' lang='grc' dir='ltr'><em>τὸ</em></span> <span class='ocrx_word' id='word_1_138' title='bbox 1153 1341 1243 1386; x_wconf 79' lang='grc' dir='ltr'><em>πάν</em></span> <span class='ocrx_word' id='word_1_139' title='bbox 1263 1337 1445 1385; x_wconf 81' lang='grc' dir='ltr'><em>ἑστάναι</em></span> <span class='ocrx_word' id='word_1_140' title='bbox 1465 1339 1641 1384; x_wconf 73' lang='grc' dir='ltr'><em>διέλ-Ι)</em></span> 
     </span>
     <span class='ocr_line' id='line_1_19' title="bbox 163 1405 901 1469; baseline -0.003 -14"><span class='ocrx_word' id='word_1_141' title='bbox 163 1417 303 1468; x_wconf 89' lang='grc' dir='ltr'><em>θητε,</em></span> <span class='ocrx_word' id='word_1_142' title='bbox 331 1423 479 1467; x_wconf 87' lang='grc' dir='ltr'><em>ωσπερ</em></span> <span class='ocrx_word' id='word_1_143' title='bbox 504 1406 602 1469; x_wconf 77' lang='grc' dir='ltr'><em>ἄρτι</em></span> <span class='ocrx_word' id='word_1_144' title='bbox 627 1405 901 1468; x_wconf 84' lang='grc' dir='ltr'><em>προύθεσθε.</em></span> 
     </span>
    </p>

    <p class='ocr_par' dir='ltr' id='par_1_9' title="bbox 268 1471 1585 1535">
     <span class='ocr_line' id='line_1_20' title="bbox 268 1471 1585 1535; baseline -0.002 -12"><span class='ocrx_word' id='word_1_145' title='bbox 268 1483 397 1524; x_wconf 87' lang='grc' dir='ltr'><em>ΘΕΟ.</em></span> <span class='ocrx_word' id='word_1_146' title='bbox 436 1477 551 1530; x_wconf 81' lang='grc' dir='ltr'><em>Νέος</em></span> <span class='ocrx_word' id='word_1_147' title='bbox 577 1473 655 1534; x_wconf 76' lang='grc' dir='ltr'><em>ὤν,</em></span> <span class='ocrx_word' id='word_1_148' title='bbox 681 1479 715 1521; x_wconf 81' lang='grc' dir='ltr'><em>ὠ</em></span> <span class='ocrx_word' id='word_1_149' title='bbox 742 1479 976 1534; x_wconf 87' lang='grc' dir='ltr'><em>Θεαί,τητε</em></span> <span class='ocrx_word' id='word_1_150' title='bbox 1003 1494 1107 1528; x_wconf 90' lang='grc' dir='ltr'><em>τους</em></span> <span class='ocrx_word' id='word_1_151' title='bbox 1131 1475 1462 1535; x_wconf 78' lang='grc' dir='ltr'><em>πρεσβυτέρους</em></span> <span class='ocrx_word' id='word_1_152' title='bbox 1486 1471 1585 1520; x_wconf 82' lang='grc' dir='ltr'><em>άδι-</em></span> 
     </span>
    </p>

    <p class='ocr_par' dir='ltr' id='par_1_10' title="bbox 114 1542 1589 1672">
     <span class='ocr_line' id='line_1_21' title="bbox 114 1542 1589 1605; baseline -0.002 -14"><span class='ocrx_word' id='word_1_153' title='bbox 114 1559 147 1584; x_wconf 71' lang='lat'><em>20</em></span> <span class='ocrx_word' id='word_1_154' title='bbox 165 1555 262 1592; x_wconf 83' lang='grc' dir='ltr'><em>κεῖν</em></span> <span class='ocrx_word' id='word_1_155' title='bbox 303 1545 525 1598; x_wconf 83' lang='grc' dir='ltr'><em>διδάσκεις</em></span> <span class='ocrx_word' id='word_1_156' title='bbox 566 1543 801 1605; x_wconf 84' lang='grc' dir='ltr'><em>ὁμολογίας</em></span> <span class='ocrx_word' id='word_1_157' title='bbox 843 1548 1223 1603; x_wconf 85' lang='grc' dir='ltr'><em>παραβαίνοντας;</em></span> <span class='ocrx_word' id='word_1_158' title='bbox 1277 1542 1390 1589; x_wconf 80' lang='grc' dir='ltr'><em>ἄλλα</em></span> <span class='ocrx_word' id='word_1_159' title='bbox 1442 1562 1589 1602; x_wconf 87' lang='grc' dir='ltr'><em>παρα-</em></span> 
     </span>
     <span class='ocr_line' id='line_1_22' title="bbox 166 1610 1511 1672; baseline -0.001 -14"><span class='ocrx_word' id='word_1_160' title='bbox 166 1611 378 1668; x_wconf 82' lang='grc' dir='ltr'><em>σκευάζου</em></span> <span class='ocrx_word' id='word_1_161' title='bbox 402 1611 521 1666; x_wconf 80' lang='grc' dir='ltr'><em>ὅπως</em></span> <span class='ocrx_word' id='word_1_162' title='bbox 544 1614 634 1659; x_wconf 73' lang='grc' dir='ltr'><em>τῶν</em></span> <span class='ocrx_word' id='word_1_163' title='bbox 660 1615 902 1658; x_wconf 86' lang='grc' dir='ltr'><em>ἐπιλοίπων</em></span> <span class='ocrx_word' id='word_1_164' title='bbox 927 1610 1158 1672; x_wconf 86' lang='grc' dir='ltr'><em>Σωκράτει</em></span> <span class='ocrx_word' id='word_1_165' title='bbox 1183 1611 1341 1666; x_wconf 78' lang='grc' dir='ltr'><em>δώσεις</em></span> <span class='ocrx_word' id='word_1_166' title='bbox 1366 1610 1511 1670; x_wconf 82' lang='grc' dir='ltr'><em>λόγον.</em></span> 
     </span>
    </p>

    <p class='ocr_par' dir='ltr' id='par_1_11' title="bbox 168 1677 1589 1808">
     <span class='ocr_line' id='line_1_23' title="bbox 269 1677 1589 1741; baseline -0.002 -14"><span class='ocrx_word' id='word_1_167' title='bbox 269 1687 428 1728; x_wconf 85' lang='grc' dir='ltr'><em>ΘΕΛΙ.</em></span> <span class='ocrx_word' id='word_1_168' title='bbox 460 1679 647 1741; x_wconf 87' lang='grc' dir='ltr'><em>Ἐάνπερ</em></span> <span class='ocrx_word' id='word_1_169' title='bbox 672 1699 723 1739; x_wconf 79' lang='grc' dir='ltr'><em>γε</em></span> <span class='ocrx_word' id='word_1_170' title='bbox 746 1678 970 1739; x_wconf 83' lang='grc' dir='ltr'><em>βούληται.</em></span> <span class='ocrx_word' id='word_1_171' title='bbox 1009 1678 1168 1739; x_wconf 80' lang='grc' dir='ltr'><em>ἥδιστα</em></span> <span class='ocrx_word' id='word_1_172' title='bbox 1192 1677 1317 1739; x_wconf 83' lang='grc' dir='ltr'><em>μέντ’</em></span> <span class='ocrx_word' id='word_1_173' title='bbox 1338 1679 1395 1726; x_wconf 76' lang='grc' dir='ltr'><em>ἂν</em></span> <span class='ocrx_word' id='word_1_174' title='bbox 1419 1678 1589 1738; x_wconf 73' lang='grc' dir='ltr'><em>ἥκουσα</em></span> 
     </span>
     <span class='ocr_line' id='line_1_24' title="bbox 168 1742 507 1808; baseline 0 -13"><span class='ocrx_word' id='word_1_175' title='bbox 168 1750 268 1808; x_wconf 86' lang='grc' dir='ltr'><em>περὶ</em></span> <span class='ocrx_word' id='word_1_176' title='bbox 293 1742 357 1795; x_wconf 65' lang='grc' dir='ltr'><em>ὧν</em></span> <span class='ocrx_word' id='word_1_177' title='bbox 381 1751 507 1807; x_wconf 84' lang='grc' dir='ltr'><em>λέγω.</em></span> 
     </span>
    </p>
   </div>
   <div class='ocr_carea' id='block_1_3' title="bbox 167 1894 855 2119">
    <p class='ocr_par' dir='ltr' id='par_1_12' title="bbox 168 1894 846 2119">
     <span class='ocr_line' id='line_1_25' title="bbox 259 1894 846 1955; baseline 0 -19"><span class='ocrx_word' id='word_1_178' title='bbox 259 1905 279 1936; x_wconf 88' lang='lat'>5</span> <span class='ocrx_word' id='word_1_179' title='bbox 302 1902 396 1946; x_wconf 84' lang='grc' dir='ltr'><em>γοῦν</em></span> <span class='ocrx_word' id='word_1_180' title='bbox 419 1904 539 1939; x_wconf 56' lang='grc' dir='ltr'><em>ὩΙΛΠ</em></span> <span class='ocrx_word' id='word_1_181' title='bbox 560 1903 670 1955; x_wconf 62' lang='lat' dir='ltr'><em>Blae„</em></span> <span class='ocrx_word' id='word_1_182' title='bbox 694 1894 763 1938; x_wconf 76' lang='grc' dir='ltr'><em>οὖν</em></span> <span class='ocrx_word' id='word_1_183' title='bbox 786 1906 846 1940; x_wconf 82' lang='grc' dir='ltr'><em>*ς.</em></span> 
     </span>
     <span class='ocr_line' id='line_1_26' title="bbox 168 1915 708 2001; baseline 0.006 -20"><span class='ocrx_word' id='word_1_184' title='bbox 168 1950 190 1982; x_wconf 90' lang='lat' dir='ltr'>b</span> <span class='ocrx_word' id='word_1_185' title='bbox 202 1915 323 1982; x_wconf 62' lang='grc' dir='ltr'><em>οἱΠῖγ</em></span> <span class='ocrx_word' id='word_1_186' title='bbox 309 1949 534 2001; x_wconf 80' lang='lat' dir='ltr'>Fischerus‚</span> <span class='ocrx_word' id='word_1_187' title='bbox 560 1928 670 1982; x_wconf 79' lang='grc' dir='ltr'><em>ου’τω</em></span> <span class='ocrx_word' id='word_1_188' title='bbox 675 1957 708 1984; x_wconf 80' lang='grc' dir='ltr'><em>ς.</em></span> 
     </span>
     <span class='ocr_line' id='line_1_27' title="bbox 170 1986 634 2037; baseline 0 -11"><span class='ocrx_word' id='word_1_189' title='bbox 170 1996 271 2037; x_wconf 84' lang='lat' dir='ltr'>cino,</span> <span class='ocrx_word' id='word_1_190' title='bbox 290 1986 315 2037; x_wconf 76' lang='grc' dir='ltr'><em>ἢ</em></span> <span class='ocrx_word' id='word_1_191' title='bbox 333 1991 368 2028; x_wconf 85' lang='grc' dir='ltr'><em>εἰ</em></span> <span class='ocrx_word' id='word_1_192' title='bbox 385 2003 406 2030; x_wconf 83' lang='grc' dir='ltr'>ς</span> <span class='ocrx_word' id='word_1_193' title='bbox 425 2005 506 2026; x_wconf 88' lang='lat' dir='ltr'><em>cum</em></span> <span class='ocrx_word' id='word_1_194' title='bbox 521 1994 634 2027; x_wconf 83' lang='lat' dir='ltr'>libris.</span> 
     </span>
     <span class='ocr_line' id='line_1_28' title="bbox 168 2040 855 2082; baseline 0.001 -10"><span class='ocrx_word' id='word_1_195' title='bbox 168 2041 260 2072; x_wconf 86' lang='lat' dir='ltr'>coni.</span> <span class='ocrx_word' id='word_1_196' title='bbox 278 2040 365 2081; x_wconf 76' lang='lat' dir='ltr'><em>de.</em></span> <span class='ocrx_word' id='word_1_197' title='bbox 393 2041 602 2082; x_wconf 71' lang='lat' dir='ltr'><strong>‘aecingele</strong></span> <span class='ocrx_word' id='word_1_198' title='bbox 620 2042 673 2071; x_wconf 80' lang='lat' dir='ltr'><em>tu&#39;</em></span> <span class='ocrx_word' id='word_1_199' title='bbox 691 2040 855 2073; x_wconf 83' lang='lat' dir='ltr'>Ficinus</span> 
     </span>
     <span class='ocr_line' id='line_1_29' title="bbox 167 2085 773 2119; baseline 0 -1"><span class='ocrx_word' id='word_1_200' title='bbox 167 2085 215 2118; x_wconf 81' lang='lat' dir='ltr'><em>ad</em></span> <span class='ocrx_word' id='word_1_201' title='bbox 231 2085 414 2118; x_wconf 83' lang='lat' dir='ltr'>Theodori</span> <span class='ocrx_word' id='word_1_202' title='bbox 430 2085 630 2119; x_wconf 81' lang='lat' dir='ltr'>orationem</span> <span class='ocrx_word' id='word_1_203' title='bbox 646 2086 773 2118; x_wconf 81' lang='lat' dir='ltr'><strong>traxit.</strong></span> 
     </span>
    </p>
   </div>
   <div class='ocr_carea' id='block_1_4' title="bbox 170 2214 848 2897">
    <p class='ocr_par' dir='ltr' id='par_1_13' title="bbox 170 2214 846 2581">
     <span class='ocr_line' id='line_1_30' title="bbox 218 2214 845 2275; baseline 0 -21"><span class='ocrx_word' id='word_1_204' title='bbox 218 2222 236 2253; x_wconf 90' lang='lat'>1</span> <span class='ocrx_word' id='word_1_205' title='bbox 259 2214 358 2254; x_wconf 74' lang='grc' dir='ltr'><em>ἄλλά</em></span> <span class='ocrx_word' id='word_1_206' title='bbox 380 2215 455 2254; x_wconf 73' lang='grc' dir='ltr'><em>τιν’</em></span> <span class='ocrx_word' id='word_1_207' title='bbox 475 2215 596 2272; x_wconf 83' lang='grc' dir='ltr'><em>αλλην</em></span> <span class='ocrx_word' id='word_1_208' title='bbox 619 2215 753 2275; x_wconf 83' lang='grc' dir='ltr'><em>φωνὴν</em></span> <span class='ocrx_word' id='word_1_209' title='bbox 776 2221 845 2254; x_wconf 85' lang='grc' dir='ltr'><em>θε-</em></span> 
     </span>
     <span class='ocr_line' id='line_1_31' title="bbox 171 2258 844 2300; baseline 0.002 -2"><span class='ocrx_word' id='word_1_210' title='bbox 171 2262 269 2300; x_wconf 83' lang='grc' dir='ltr'><em>τέον.</em></span> <span class='ocrx_word' id='word_1_211' title='bbox 307 2267 349 2300; x_wconf 90' lang='grc' dir='ltr'><em>Ρ.</em></span> <span class='ocrx_word' id='word_1_212' title='bbox 370 2266 472 2300; x_wconf 83' lang='grc' dir='ltr'>157Λ</span> <span class='ocrx_word' id='word_1_213' title='bbox 491 2258 584 2299; x_wconf 76' lang='grc' dir='ltr'><em>ὥστε</em></span> <span class='ocrx_word' id='word_1_214' title='bbox 599 2283 644 2290; x_wconf 90' lang='grc'>-</span> <span class='ocrx_word' id='word_1_215' title='bbox 661 2261 776 2299; x_wconf 78' lang='grc' dir='ltr'><em>οὗδεν</em></span> <span class='ocrx_word' id='word_1_216' title='bbox 794 2263 844 2299; x_wconf 83' lang='grc' dir='ltr'><em>εἶ-</em></span> 
     </span>
     <span class='ocr_line' id='line_1_32' title="bbox 170 2306 846 2363; baseline -0.001 -18"><span class='ocrx_word' id='word_1_217' title='bbox 170 2322 235 2345; x_wconf 89' lang='grc' dir='ltr'><em>ναι</em></span> <span class='ocrx_word' id='word_1_218' title='bbox 248 2308 292 2345; x_wconf 72' lang='grc' dir='ltr'><em>ἓν</em></span> <span class='ocrx_word' id='word_1_219' title='bbox 309 2306 404 2344; x_wconf 78' lang='grc' dir='ltr'><em>αὐτὸ</em></span> <span class='ocrx_word' id='word_1_220' title='bbox 423 2306 519 2345; x_wconf 81' lang='grc' dir='ltr'><em>καθ’</em></span> <span class='ocrx_word' id='word_1_221' title='bbox 535 2306 643 2363; x_wconf 77' lang='grc' dir='ltr'><em>αὑτό,</em></span> <span class='ocrx_word' id='word_1_222' title='bbox 657 2307 754 2345; x_wconf 77' lang='grc' dir='ltr'><em>ἀλλά</em></span> <span class='ocrx_word' id='word_1_223' title='bbox 769 2323 846 2345; x_wconf 87' lang='grc' dir='ltr'><em>τινι</em></span> 
     </span>
     <span class='ocr_line' id='line_1_33' title="bbox 172 2336 844 2408; baseline 0 -19"><span class='ocrx_word' id='word_1_224' title='bbox 172 2353 252 2390; x_wconf 78' lang='grc' dir='ltr'><em>αἰεὶ</em></span> <span class='ocrx_word' id='word_1_225' title='bbox 256 2356 492 2408; x_wconf 76' lang='grc' dir='ltr'><em>γίγνεσθαι,</em></span> <span class='ocrx_word' id='word_1_226' title='bbox 512 2352 554 2390; x_wconf 81' lang='grc' dir='ltr'><em>τὸ</em></span> <span class='ocrx_word' id='word_1_227' title='bbox 574 2336 734 2390; x_wconf 86' lang='grc' dir='ltr'><em>δἐἶναι</em></span> <span class='ocrx_word' id='word_1_228' title='bbox 749 2367 844 2390; x_wconf 88' lang='grc' dir='ltr'><em>παν-</em></span> 
     </span>
     <span class='ocr_line' id='line_1_34' title="bbox 172 2397 844 2454; baseline 0 -19"><span class='ocrx_word' id='word_1_229' title='bbox 172 2397 342 2454; x_wconf 78' lang='grc' dir='ltr'><em>ταχόθεν</em></span> <span class='ocrx_word' id='word_1_230' title='bbox 389 2397 624 2454; x_wconf 79' lang='grc' dir='ltr'><em>ἐξαιρετέον,</em></span> <span class='ocrx_word' id='word_1_231' title='bbox 669 2397 762 2454; x_wconf 75' lang='grc' dir='ltr'><em>οὐχ</em></span> <span class='ocrx_word' id='word_1_232' title='bbox 786 2413 844 2435; x_wconf 90' lang='grc' dir='ltr'><em>οτι</em></span> 
     </span>
     <span class='ocr_line' id='line_1_35' title="bbox 172 2441 846 2500; baseline 0 -20"><span class='ocrx_word' id='word_1_233' title='bbox 172 2441 284 2500; x_wconf 80' lang='grc' dir='ltr'><em>ἡμεῖς</em></span> <span class='ocrx_word' id='word_1_234' title='bbox 296 2443 419 2480; x_wconf 78' lang='grc' dir='ltr'><em>πολλοὶ</em></span> <span class='ocrx_word' id='word_1_235' title='bbox 432 2445 498 2481; x_wconf 82' lang='grc' dir='ltr'><em>καὶ</em></span> <span class='ocrx_word' id='word_1_236' title='bbox 511 2441 595 2490; x_wconf 77' lang='grc' dir='ltr'><em>ἄρτι</em></span> <span class='ocrx_word' id='word_1_237' title='bbox 610 2441 846 2499; x_wconf 80' lang='grc' dir='ltr'><em>ἠναγκάσμε-</em></span> 
     </span>
     <span class='ocr_line' id='line_1_36' title="bbox 173 2487 847 2546; baseline 0.003 -22"><span class='ocrx_word' id='word_1_238' title='bbox 173 2491 230 2524; x_wconf 87' lang='grc' dir='ltr'><em>θα</em></span> <span class='ocrx_word' id='word_1_239' title='bbox 246 2487 322 2525; x_wconf 78' lang='grc' dir='ltr'><em>ὑπὸ</em></span> <span class='ocrx_word' id='word_1_240' title='bbox 336 2491 550 2535; x_wconf 80' lang='grc' dir='ltr'><em>συνηθείας</em></span> <span class='ocrx_word' id='word_1_241' title='bbox 563 2491 627 2546; x_wconf 58' lang='lat'><em>&#39;2⁰²2</em></span> <span class='ocrx_word' id='word_1_242' title='bbox 643 2487 847 2536; x_wconf 76' lang='grc' dir='ltr'><em>ἀνεπιστη-</em></span> 
     </span>
     <span class='ocr_line' id='line_1_37' title="bbox 173 2533 660 2614; baseline 0.004 -45"><span class='ocrx_word' id='word_1_243' title='bbox 173 2533 339 2614; x_wconf 80' lang='grc' dir='ltr'><em>μοσύνης</em></span> <span class='ocrx_word' id='word_1_244' title='bbox 355 2538 524 2581; x_wconf 79' lang='grc' dir='ltr'><em>χρῆσθαι</em></span> <span class='ocrx_word' id='word_1_245' title='bbox 542 2533 660 2583; x_wconf 80' lang='grc' dir='ltr'><em>αὐτῷ.</em></span> 
     </span>
    </p>

    <p class='ocr_par' dir='ltr' id='par_1_14' title="bbox 219 2573 799 2626">
     <span class='ocr_line' id='line_1_38' title="bbox 219 2573 799 2626; baseline 0.002 -11.072"><span class='ocrx_word' id='word_1_246' title='bbox 219 2577 468 2622; x_wconf 80' lang='grc' dir='ltr'><em>5διάλεκτος.</em></span> <span class='ocrx_word' id='word_1_247' title='bbox 491 2583 549 2616; x_wconf 82' lang='lat' dir='ltr'><em>cf.</em></span> <span class='ocrx_word' id='word_1_248' title='bbox 569 2573 631 2616; x_wconf 81' lang='lat' dir='ltr'><em>ad‘</em></span> <span class='ocrx_word' id='word_1_249' title='bbox 632 2594 666 2626; x_wconf 91' lang='lat' dir='ltr'><em>p.</em></span> <span class='ocrx_word' id='word_1_250' title='bbox 687 2584 799 2618; x_wconf 73' lang='lat'>1463.</span> 
     </span>
    </p>

    <p class='ocr_par' dir='ltr' id='par_1_15' title="bbox 174 2628 847 2808">
     <span class='ocr_line' id='line_1_39' title="bbox 219 2628 847 2671; baseline 0.003 -12"><span class='ocrx_word' id='word_1_251' title='bbox 219 2628 239 2659; x_wconf 85' lang='lat'>9</span> <span class='ocrx_word' id='word_1_252' title='bbox 271 2629 551 2671; x_wconf 79' lang='grc' dir='ltr'><em>συγχωρεῖσθαι</em></span> <span class='ocrx_word' id='word_1_253' title='bbox 583 2628 710 2662; x_wconf 84' lang='lat' dir='ltr'>eodem</span> <span class='ocrx_word' id='word_1_254' title='bbox 741 2628 847 2663; x_wconf 84' lang='lat' dir='ltr'>modo</span> 
     </span>
     <span class='ocr_line' id='line_1_40' title="bbox 177 2671 848 2714; baseline 0.005 -11"><span class='ocrx_word' id='word_1_255' title='bbox 177 2681 257 2703; x_wconf 86' lang='lat' dir='ltr'><em>cum</em></span> <span class='ocrx_word' id='word_1_256' title='bbox 283 2671 418 2714; x_wconf 82' lang='lat' dir='ltr'><strong>duplici</strong></span> <span class='ocrx_word' id='word_1_257' title='bbox 449 2674 663 2707; x_wconf 81' lang='lat' dir='ltr'>accusativo</span> <span class='ocrx_word' id='word_1_258' title='bbox 697 2675 848 2706; x_wconf 86' lang='lat' dir='ltr'>coniun-</span> 
     </span>
     <span class='ocr_line' id='line_1_41' title="bbox 175 2713 847 2762; baseline 0.006 -14"><span class='ocrx_word' id='word_1_259' title='bbox 175 2718 272 2749; x_wconf 79' lang='lat' dir='ltr'>ctum</span> <span class='ocrx_word' id='word_1_260' title='bbox 303 2718 397 2754; x_wconf 87' lang='lat' dir='ltr'><em>Tim</em></span> <span class='ocrx_word' id='word_1_261' title='bbox 426 2720 506 2753; x_wconf 79' lang='lat'>8613</span> <span class='ocrx_word' id='word_1_262' title='bbox 542 2713 656 2752; x_wconf 81' lang='grc' dir='ltr'><em>νόσον</em></span> <span class='ocrx_word' id='word_1_263' title='bbox 693 2730 765 2762; x_wconf 88' lang='grc' dir='ltr'><em>μεν</em></span> <span class='ocrx_word' id='word_1_264' title='bbox 797 2714 847 2762; x_wconf 85' lang='grc' dir='ltr'><em>δὴ</em></span> 
     </span>
     <span class='ocr_line' id='line_1_42' title="bbox 174 2756 745 2819; baseline 0.007 -25"><span class='ocrx_word' id='word_1_265' title='bbox 174 2760 302 2805; x_wconf 84' lang='grc' dir='ltr'><em>ψυχῆς</em></span> <span class='ocrx_word' id='word_1_266' title='bbox 319 2756 456 2796; x_wconf 77' lang='grc' dir='ltr'><em>ἄνοιαν</em></span> <span class='ocrx_word' id='word_1_267' title='bbox 475 2762 745 2819; x_wconf 78' lang='grc' dir='ltr'><em>ξυγχωρητέον.</em></span> 
     </span>
    </p>

    <p class='ocr_par' dir='ltr' id='par_1_16' title="bbox 176 2802 837 2897">
     <span class='ocr_line' id='line_1_43' title="bbox 222 2802 831 2853; baseline 0.007 -14"><span class='ocrx_word' id='word_1_268' title='bbox 222 2808 264 2839; x_wconf 94' lang='grc'><em>10</em></span> <span class='ocrx_word' id='word_1_269' title='bbox 282 2804 317 2840; x_wconf 81' lang='grc' dir='ltr'><em>εἰ</em></span> <span class='ocrx_word' id='word_1_270' title='bbox 330 2802 384 2851; x_wconf 82' lang='grc' dir='ltr'><em>μή</em></span> <span class='ocrx_word' id='word_1_271' title='bbox 401 2808 441 2842; x_wconf 88' lang='grc' dir='ltr'><em>τί</em></span> <span class='ocrx_word' id='word_1_272' title='bbox 452 2819 532 2849; x_wconf 87' lang='grc' dir='ltr'><em>πως</em></span> <span class='ocrx_word' id='word_1_273' title='bbox 546 2831 591 2836; x_wconf 85' lang='grc'><em>--</em></span> <span class='ocrx_word' id='word_1_274' title='bbox 609 2806 724 2853; x_wconf 79' lang='grc' dir='ltr'><em>λέγει.</em></span> <span class='ocrx_word' id='word_1_275' title='bbox 744 2810 831 2842; x_wconf 82' lang='lat' dir='ltr'>‘For</span> 
     </span>
     <span class='ocr_line' id='line_1_44' title="bbox 176 2851 848 2897; baseline 0.005 -13"><span class='ocrx_word' id='word_1_276' title='bbox 176 2851 274 2885; x_wconf 83' lang='lat' dir='ltr'><strong>mula</strong></span> <span class='ocrx_word' id='word_1_277' title='bbox 312 2852 405 2886; x_wconf 80' lang='lat' dir='ltr'>haec</span> <span class='ocrx_word' id='word_1_278' title='bbox 443 2854 742 2897; x_wconf 80' lang='lat' dir='ltr'><strong>frequentissima</strong></span> <span class='ocrx_word' id='word_1_279' title='bbox 781 2858 848 2889; x_wconf 82' lang='lat' dir='ltr'><strong>est.</strong></span> 
     </span>
    </p>
   </div>
   <div class='ocr_carea' id='block_1_5' title="bbox 726 1945 1078 2048">
    <p class='ocr_par' dir='ltr' id='par_1_17' title="bbox 726 1945 1078 2036">
     <span class='ocr_line' id='line_1_45' title="bbox 815 1945 1078 1991; baseline 0.004 -10.008"><span class='ocrx_word' id='word_1_280' title='bbox 815 1952 836 1981; x_wconf 99' lang='lat'>9</span> <span class='ocrx_word' id='word_1_281' title='bbox 859 1947 915 1991; x_wconf 83' lang='grc' dir='ltr'><em>τε]</em></span> <span class='ocrx_word' id='word_1_282' title='bbox 936 1945 980 1982; x_wconf 85' lang='grc' dir='ltr'><em>δε</em></span> <span class='ocrx_word' id='word_1_283' title='bbox 1000 1950 1078 1982; x_wconf 79' lang='lat' dir='ltr'><em>Ast.</em></span> 
     </span>
     <span class='ocr_line' id='line_1_46' title="bbox 726 1991 1072 2048; baseline 0 -21"><span class='ocrx_word' id='word_1_284' title='bbox 726 1993 777 2036; x_wconf 78' lang='grc' dir='ltr'><em>τί]</em></span> <span class='ocrx_word' id='word_1_285' title='bbox 800 1991 854 2027; x_wconf 84' lang='grc' dir='ltr'><em>ε’τι</em></span> <span class='ocrx_word' id='word_1_286' title='bbox 873 1995 964 2027; x_wconf 85' lang='lat' dir='ltr'>coni.</span> <span class='ocrx_word' id='word_1_287' title='bbox 982 1995 1072 2048; x_wconf 76' lang='lat' dir='ltr'><em>de&#39;.</em></span> 
     </span>
    </p>
   </div>
   <div class='ocr_carea' id='block_1_6' title="bbox 979 1897 1592 1991">
    <p class='ocr_par' dir='ltr' id='par_1_18' title="bbox 979 1897 1590 1991">
     <span class='ocr_line' id='line_1_47' title="bbox 979 1897 1590 1941; baseline -0.003 -4"><span class='ocrx_word' id='word_1_288' title='bbox 979 1905 999 1936; x_wconf 80' lang='grc'><em>’1</em></span> <span class='ocrx_word' id='word_1_289' title='bbox 1023 1897 1129 1937; x_wconf 74' lang='grc' dir='ltr'><em>οὔπω</em></span> <span class='ocrx_word' id='word_1_290' title='bbox 1155 1905 1225 1937; x_wconf 89' lang='grc' dir='ltr'><em>ΓΛ</em></span> <span class='ocrx_word' id='word_1_291' title='bbox 1235 1903 1401 1941; x_wconf 71' lang='grc' dir='ltr'><em>ΞΣΥΖΥ</em></span> <span class='ocrx_word' id='word_1_292' title='bbox 1409 1903 1590 1936; x_wconf 86' lang='lat' dir='ltr'>BCFHa</span> 
     </span>
     <span class='ocr_line' id='line_1_48' title="bbox 1188 1947 1592 1991; baseline -0.003 -10"><span class='ocrx_word' id='word_1_293' title='bbox 1188 1952 1229 1982; x_wconf 88' lang='grc'><em>10</em></span> <span class='ocrx_word' id='word_1_294' title='bbox 1253 1947 1290 1983; x_wconf 87' lang='grc' dir='ltr'><em>εἰ</em></span> <span class='ocrx_word' id='word_1_295' title='bbox 1311 1950 1399 1991; x_wconf 84' lang='lat' dir='ltr'><em>de.</em></span> <span class='ocrx_word' id='word_1_296' title='bbox 1426 1959 1506 1981; x_wconf 89' lang='lat' dir='ltr'><em>cum</em></span> <span class='ocrx_word' id='word_1_297' title='bbox 1529 1949 1592 1980; x_wconf 79' lang='lat' dir='ltr'><em>Fi-</em></span> 
     </span>
    </p>
   </div>
   <div class='ocr_carea' id='block_1_7' title="bbox 937 1990 1591 2092">
    <p class='ocr_par' dir='ltr' id='par_1_19' title="bbox 937 1990 1591 2084">
     <span class='ocr_line' id='line_1_49' title="bbox 1173 1990 1591 2037; baseline -0.002 -10"><span class='ocrx_word' id='word_1_298' title='bbox 1173 1996 1217 2027; x_wconf 78' lang='lat'><em>20</em></span> <span class='ocrx_word' id='word_1_299' title='bbox 1232 1990 1526 2037; x_wconf 80' lang='grc' dir='ltr'><em>παρασκευάζου</em></span> <span class='ocrx_word' id='word_1_300' title='bbox 1544 1990 1591 2027; x_wconf 80' lang='grc' dir='ltr'><em>σύ</em></span> 
     </span>
     <span class='ocr_line' id='line_1_50' title="bbox 937 2034 1584 2092; baseline 0 -21"><span class='ocrx_word' id='word_1_301' title='bbox 937 2041 980 2071; x_wconf 81' lang='lat'><em>22</em></span> <span class='ocrx_word' id='word_1_302' title='bbox 990 2034 1153 2082; x_wconf 85' lang='grc' dir='ltr'><em>Ἐάνπερ</em></span> <span class='ocrx_word' id='word_1_303' title='bbox 1170 2050 1212 2083; x_wconf 80' lang='grc' dir='ltr'><em>’γε</em></span> <span class='ocrx_word' id='word_1_304' title='bbox 1230 2039 1418 2092; x_wconf 57' lang='grc' dir='ltr'><em>βούληταί</em></span> <span class='ocrx_word' id='word_1_305' title='bbox 1432 2040 1476 2072; x_wconf 78' lang='lat' dir='ltr'>F</span> <span class='ocrx_word' id='word_1_306' title='bbox 1467 2040 1584 2076; x_wconf 75' lang='lat' dir='ltr'>minus</span> 
     </span>
    </p>
   </div>
   <div class='ocr_carea' id='block_1_8' title="bbox 866 2052 1597 2130">
    <p class='ocr_par' dir='ltr' id='par_1_20' title="bbox 866 2052 1597 2130">
     <span class='ocr_line' id='line_1_51' title="bbox 866 2052 1597 2130; baseline -0.003 -12"><span class='ocrx_word' id='word_1_307' title='bbox 866 2079 1050 2129; x_wconf 81' lang='grc' dir='ltr'><em>βούληται</em></span> <span class='ocrx_word' id='word_1_308' title='bbox 1067 2052 1212 2121; x_wconf 60' lang='lat' dir='ltr'><em>⁵21A9H2·</em></span> <span class='ocrx_word' id='word_1_309' title='bbox 1230 2087 1332 2128; x_wconf 71' lang='lat' dir='ltr'><em>Hdfi,</em></span> <span class='ocrx_word' id='word_1_310' title='bbox 1348 2082 1527 2130; x_wconf 84' lang='grc' dir='ltr'><em>βούλεται</em></span> <span class='ocrx_word' id='word_1_311' title='bbox 1543 2092 1566 2121; x_wconf 85' lang='grc' dir='ltr'><strong>ς</strong></span> <span class='ocrx_word' id='word_1_312' title='bbox 1589 2107 1597 2116; x_wconf 94' lang='grc'><strong>.</strong></span> 
     </span>
    </p>
   </div>
   <div class='ocr_carea' id='block_1_9' title="bbox 914 2217 1598 2401">
    <p class='ocr_par' dir='ltr' id='par_1_21' title="bbox 914 2217 1598 2401">
     <span class='ocr_line' id='line_1_52' title="bbox 915 2217 1598 2265; baseline 0.003 -12"><span class='ocrx_word' id='word_1_313' title='bbox 915 2222 970 2254; x_wconf 88' lang='lat' dir='ltr'><em>De</em></span> <span class='ocrx_word' id='word_1_314' title='bbox 989 2232 1064 2264; x_wconf 70' lang='lat' dir='ltr'>nep.</span> <span class='ocrx_word' id='word_1_315' title='bbox 1084 2221 1135 2256; x_wconf 93' lang='lat' dir='ltr'><em>VI</em></span> <span class='ocrx_word' id='word_1_316' title='bbox 1151 2221 1257 2255; x_wconf 81' lang='lat' dir='ltr'>497A</span> <span class='ocrx_word' id='word_1_317' title='bbox 1281 2217 1366 2265; x_wconf 80' lang='grc' dir='ltr'><em>ἐμοὶ</em></span> <span class='ocrx_word' id='word_1_318' title='bbox 1389 2233 1461 2264; x_wconf 89' lang='grc' dir='ltr'><em>μεν</em></span> <span class='ocrx_word' id='word_1_319' title='bbox 1486 2221 1598 2255; x_wconf 80' lang='grc' dir='ltr'><em>δοκεῖ</em></span> 
     </span>
     <span class='ocr_line' id='line_1_53' title="bbox 914 2233 1593 2320; baseline 0 -21"><span class='ocrx_word' id='word_1_320' title='bbox 914 2266 1075 2320; x_wconf 86' lang='grc' dir='ltr'><em>μετρίως</em></span> <span class='ocrx_word' id='word_1_321' title='bbox 1094 2265 1287 2320; x_wconf 83' lang='grc' dir='ltr'><em>εἰρῆσθαι,</em></span> <span class='ocrx_word' id='word_1_322' title='bbox 1300 2233 1343 2300; x_wconf 82' lang='grc' dir='ltr'><em>εἰ</em></span> <span class='ocrx_word' id='word_1_323' title='bbox 1359 2263 1410 2310; x_wconf 88' lang='grc' dir='ltr'><em>μὴ</em></span> <span class='ocrx_word' id='word_1_324' title='bbox 1430 2262 1485 2300; x_wconf 73' lang='grc' dir='ltr'><em>ἔτ’</em></span> <span class='ocrx_word' id='word_1_325' title='bbox 1500 2261 1593 2300; x_wconf 87' lang='grc' dir='ltr'><em>αλλο</em></span> 
     </span>
     <span class='ocr_line' id='line_1_54' title="bbox 915 2308 1593 2355; baseline 0 -11"><span class='ocrx_word' id='word_1_326' title='bbox 915 2308 1038 2355; x_wconf 80' lang='grc' dir='ltr'><em>λέγεις</em></span> <span class='ocrx_word' id='word_1_327' title='bbox 1055 2324 1090 2346; x_wconf 87' lang='grc' dir='ltr'><em>τι</em></span> <span class='ocrx_word' id='word_1_328' title='bbox 1108 2309 1593 2347; x_wconf 60' lang='lat' dir='ltr'>06211E1nn011mns.cf</span> 
     </span>
     <span class='ocr_line' id='line_1_55' title="bbox 915 2357 1574 2401; baseline 0.002 -11"><span class='ocrx_word' id='word_1_329' title='bbox 915 2357 1178 2391; x_wconf 85' lang='lat' dir='ltr'>Stallbaumius</span> <span class='ocrx_word' id='word_1_330' title='bbox 1197 2359 1245 2391; x_wconf 82' lang='lat' dir='ltr'><em>ad</em></span> <span class='ocrx_word' id='word_1_331' title='bbox 1261 2369 1372 2401; x_wconf 82' lang='lat' dir='ltr'><strong>remp.</strong></span> <span class='ocrx_word' id='word_1_332' title='bbox 1390 2359 1442 2391; x_wconf 92' lang='lat' dir='ltr'><em>IV</em></span> <span class='ocrx_word' id='word_1_333' title='bbox 1458 2358 1574 2391; x_wconf 84' lang='lat' dir='ltr'>430B.</span> 
     </span>
    </p>
   </div>
   <div class='ocr_carea' id='block_1_10' title="bbox 916 2415 1594 2599">
    <p class='ocr_par' dir='ltr' id='par_1_22' title="bbox 916 2415 1593 2599">
     <span class='ocr_line' id='line_1_56' title="bbox 961 2415 1593 2470; baseline 0 -17"><span class='ocrx_word' id='word_1_334' title='bbox 961 2421 1004 2452; x_wconf 82' lang='lat'><em>14</em></span> <span class='ocrx_word' id='word_1_335' title='bbox 1026 2431 1125 2453; x_wconf 77' lang='grc' dir='ltr'><em>κατα</em></span> <span class='ocrx_word' id='word_1_336' title='bbox 1148 2431 1217 2459; x_wconf 82' lang='grc' dir='ltr'><em>τας</em></span> <span class='ocrx_word' id='word_1_337' title='bbox 1241 2415 1443 2461; x_wconf 81' lang='grc' dir='ltr'><em>συνθήκας</em></span> <span class='ocrx_word' id='word_1_338' title='bbox 1460 2430 1510 2454; x_wconf 80' lang='lat' dir='ltr'><em>sc,</em></span> <span class='ocrx_word' id='word_1_339' title='bbox 1522 2415 1593 2470; x_wconf 62' lang='grc' dir='ltr'><em>ἐμὲ·</em></span> 
     </span>
     <span class='ocr_line' id='line_1_57' title="bbox 916 2458 1594 2520; baseline 0.002 -24"><span class='ocrx_word' id='word_1_340' title='bbox 916 2458 1228 2520; x_wconf 83' lang='grc' dir='ltr'><em>απαλλαχθῆναί</em></span> <span class='ocrx_word' id='word_1_341' title='bbox 1254 2475 1313 2498; x_wconf 87' lang='grc' dir='ltr'><em>σοι</em></span> <span class='ocrx_word' id='word_1_342' title='bbox 1342 2460 1594 2508; x_wconf 66' lang='grc' dir='ltr'><em>ἀποκρινόμε-</em></span> 
     </span>
     <span class='ocr_line' id='line_1_58' title="bbox 916 2505 1594 2555; baseline -0.002 -12"><span class='ocrx_word' id='word_1_343' title='bbox 916 2521 994 2552; x_wconf 88' lang='grc' dir='ltr'><em>νον,</em></span> <span class='ocrx_word' id='word_1_344' title='bbox 1020 2505 1154 2555; x_wconf 81' lang='grc' dir='ltr'><em>ἐπειδὴ</em></span> <span class='ocrx_word' id='word_1_345' title='bbox 1173 2530 1218 2534; x_wconf 83' lang='grc'>-</span> <span class='ocrx_word' id='word_1_346' title='bbox 1234 2510 1357 2555; x_wconf 88' lang='grc' dir='ltr'><em>σχοίη.</em></span> <span class='ocrx_word' id='word_1_347' title='bbox 1396 2512 1452 2544; x_wconf 84' lang='lat' dir='ltr'><em>De</em></span> <span class='ocrx_word' id='word_1_348' title='bbox 1478 2511 1594 2553; x_wconf 82' lang='lat' dir='ltr'>pacti-</span> 
     </span>
     <span class='ocr_line' id='line_1_59' title="bbox 917 2556 1336 2599; baseline 0.005 -12"><span class='ocrx_word' id='word_1_349' title='bbox 917 2566 985 2588; x_wconf 79' lang='lat' dir='ltr'><em>one</em></span> <span class='ocrx_word' id='word_1_350' title='bbox 1001 2557 1084 2599; x_wconf 82' lang='lat' dir='ltr'>ipsa</span> <span class='ocrx_word' id='word_1_351' title='bbox 1102 2556 1336 2599; x_wconf 82' lang='lat' dir='ltr'>cf.p.169C.</span> 
     </span>
    </p>
   </div>
   <div class='ocr_carea' id='block_1_11' title="bbox 916 2612 1595 2899">
    <p class='ocr_par' dir='ltr' id='par_1_23' title="bbox 916 2612 1595 2899">
     <span class='ocr_line' id='line_1_60' title="bbox 962 2612 1595 2660; baseline -0.003 -10"><span class='ocrx_word' id='word_1_352' title='bbox 962 2619 1003 2651; x_wconf 78' lang='lat'><em>17</em></span> <span class='ocrx_word' id='word_1_353' title='bbox 1035 2612 1123 2657; x_wconf 75' lang='grc' dir='ltr'><em>τοὺς</em></span> <span class='ocrx_word' id='word_1_354' title='bbox 1141 2612 1373 2660; x_wconf 84' lang='grc' dir='ltr'><em>φάσκοντας.</em></span> <span class='ocrx_word' id='word_1_355' title='bbox 1407 2618 1595 2650; x_wconf 73' lang='lat' dir='ltr'>Eleaticos</span> 
     </span>
     <span class='ocr_line' id='line_1_61' title="bbox 918 2662 1594 2707; baseline 0 -13"><span class='ocrx_word' id='word_1_356' title='bbox 918 2662 1010 2695; x_wconf 81' lang='lat' dir='ltr'><strong>dicit</strong></span> <span class='ocrx_word' id='word_1_357' title='bbox 1026 2663 1277 2707; x_wconf 88' lang='lat' dir='ltr'>philosophos.</span> <span class='ocrx_word' id='word_1_358' title='bbox 1303 2664 1360 2697; x_wconf 85' lang='lat' dir='ltr'><em>Cf.</em></span> <span class='ocrx_word' id='word_1_359' title='bbox 1376 2664 1468 2706; x_wconf 87' lang='lat' dir='ltr'>prol.</span> <span class='ocrx_word' id='word_1_360' title='bbox 1488 2674 1522 2705; x_wconf 90' lang='lat' dir='ltr'><em>p.</em></span> <span class='ocrx_word' id='word_1_361' title='bbox 1539 2664 1594 2694; x_wconf 74' lang='lat'><em>212.</em></span> 
     </span>
     <span class='ocr_line' id='line_1_62' title="bbox 963 2714 1593 2761; baseline -0.002 -10"><span class='ocrx_word' id='word_1_362' title='bbox 963 2721 1004 2751; x_wconf 83' lang='lat'><em>21</em></span> <span class='ocrx_word' id='word_1_363' title='bbox 1024 2717 1097 2752; x_wconf 84' lang='grc' dir='ltr'><em>τῶν</em></span> <span class='ocrx_word' id='word_1_364' title='bbox 1115 2714 1357 2753; x_wconf 75' lang='grc' dir='ltr'><em>ἐπιλοίπων</em></span> <span class='ocrx_word' id='word_1_365' title='bbox 1368 2730 1463 2761; x_wconf 68' lang='lat' dir='ltr'><em>quw</em></span> <span class='ocrx_word' id='word_1_366' title='bbox 1488 2729 1593 2761; x_wconf 75' lang='lat' dir='ltr'>prae-</span> 
     </span>
     <span class='ocr_line' id='line_1_63' title="bbox 916 2764 1594 2808; baseline 0 -13"><span class='ocrx_word' id='word_1_367' title='bbox 916 2767 975 2796; x_wconf 85' lang='lat' dir='ltr'><em>ter</em></span> <span class='ocrx_word' id='word_1_368' title='bbox 995 2764 1100 2797; x_wconf 84' lang='lat' dir='ltr'>illam</span> <span class='ocrx_word' id='word_1_369' title='bbox 1122 2765 1349 2808; x_wconf 81' lang='lat' dir='ltr'><strong>Protagorae</strong></span> <span class='ocrx_word' id='word_1_370' title='bbox 1372 2764 1594 2798; x_wconf 71' lang='lat' dir='ltr'>sententiam</span> 
     </span>
     <span class='ocr_line' id='line_1_64' title="bbox 917 2809 1595 2867; baseline -0.003 -25"><span class='ocrx_word' id='word_1_371' title='bbox 917 2809 1045 2843; x_wconf 78' lang='lat' dir='ltr'>afferri</span> <span class='ocrx_word' id='word_1_372' title='bbox 1057 2814 1211 2867; x_wconf 81' lang='lat' dir='ltr'><strong>possunt</strong></span> <span class='ocrx_word' id='word_1_373' title='bbox 1233 2811 1281 2843; x_wconf 87' lang='lat' dir='ltr'><em>ad</em></span> <span class='ocrx_word' id='word_1_374' title='bbox 1303 2810 1480 2843; x_wconf 82' lang='lat' dir='ltr'><strong>tuendum</strong></span> <span class='ocrx_word' id='word_1_375' title='bbox 1501 2809 1595 2842; x_wconf 79' lang='lat' dir='ltr'>illud</span> 
     </span>
     <span class='ocr_line' id='line_1_65' title="bbox 917 2849 1593 2899; baseline -0.003 -11"><span class='ocrx_word' id='word_1_376' title='bbox 917 2849 1128 2899; x_wconf 73' lang='grc' dir='ltr'><em>ἐπιστήμην</em></span> <span class='ocrx_word' id='word_1_377' title='bbox 1146 2852 1248 2889; x_wconf 82' lang='grc' dir='ltr'><em>εἶναι</em></span> <span class='ocrx_word' id='word_1_378' title='bbox 1266 2854 1478 2899; x_wconf 66' lang='grc' dir='ltr'><em>οιίσθησιν.2</em></span> <span class='ocrx_word' id='word_1_379' title='bbox 1497 2856 1593 2887; x_wconf 60' lang='lat' dir='ltr'><strong>Ilm-u</strong></span> 
     </span>
    </p>
   </div>
   <div class='ocr_carea' id='block_1_12' title="bbox 1255 2910 1323 2946">
    <p class='ocr_par' dir='ltr' id='par_1_24' title="bbox 1255 2910 1323 2946">
     <span class='ocr_line' id='line_1_66' title="bbox 1255 2910 1323 2946; baseline 0.015 -1"><span class='ocrx_word' id='word_1_380' title='bbox 1255 2910 1323 2946; x_wconf 81' lang='lat'><em>10*</em></span> 
     </span>
    </p>
   </div>
  </div>
 </body>
</html>
