1748 2950
593 145 663 187 AD
694 143 1019 187 SOPHISTAM.
1425 140 1482 180 39

122 268 240 305 recte
267 262 568 316 intelligendam
598 261 719 312 longe
751 259 1021 311 gravissimus.
1080 254 1259 295 nocetur
1286 256 1393 295 enim
1421 255 1478 295 lbi

123 334 259 363 veram
296 321 514 360 essentiam
543 319 583 358 in
611 319 649 358 vi
679 316 847 369 quadam-
885 319 1009 367 atque
1045 312 1241 353 facultate
1271 312 1477 352 efficiendi

123 376 382 430 patiendique
419 374 618 419 contineri
646 372 706 427 (p.
737 373 836 412 248.
867 369 949 424 A.).
1006 369 1124 420 Quod
1155 382 1272 421 qnam
1299 370 1376 408 vim
1405 369 1478 408 ha-

122 436 241 482 beat,
269 434 326 474 ita
354 433 515 472 demum
544 431 664 484 plane
692 429 991 482 percipiemus,
1028 427 1064 466 si
1094 425 1306 466 Platonem
1335 427 1477 465 memi-

122 492 301 531 nerimus
330 485 379 529 τὸ
409 484 462 530 ὅν
490 490 609 527 unice
641 486 689 527 ad
718 486 831 525 ideas
870 483 1084 524 retulisse:
1123 482 1197 523 lias
1234 484 1342 535 ipsas
1371 483 1476 522 enim

122 545 390 600 philosophus
428 546 542 596 quasi
579 545 620 584 vi
658 542 828 596 quadam
863 541 974 581 vitali
1003 540 1141 590 n‘gere
1169 542 1292 591 atque
1319 539 1477 592 pollere

121 604 321 645 iudicavit.
391 601 664 652 Quamobrem
707 599 810 639 haec
845 610 896 638 cx
946 597 1136 650 proximis
1184 609 1298 636 suam
1344 596 1477 636 lucem

120 661 260 711 utique
287 659 513 713 accipiunt,
551 657 603 699 de
632 657 776 710 quibus
810 655 889 696 iam
918 654 1057 708 paucis
1091 652 1299 707 disputare
1327 654 1478 696 consti·

120 717 283 758 tuimus.

232 772 332 812 Post
363 770 634 812 Sensnalistas
673 770 780 811 enim
807 767 1025 808 audiuntur
1050 768 1101 816 ii,
1139 768 1209 819 qui
1247 766 1483 809 statuebant.

121 829 285 882 quidem
313 828 453 875 ideas,
492 828 567 867 sed
596 838 664 866 eas
694 825 883 866 volebant
910 838 1006 864 esse
1032 824 1205 876 rigidas,
1233 824 1477 872 immobiles,

122 890 311 938 expertes
346 885 475 924 omnis
517 882 837 930 communitatis,
883 881 962 921 hoc
1005 887 1091 929 est,
1136 880 1186 920 ad
1229 879 1475 932 Megaricos.

120 942 208 982 Hos
256 942 362 981 enim
423 938 708 992 intelligendos
767 949 863 977 esse
910 936 1476 978 Schleiermacherum

121 999 262 1050 utique
300 1001 486 1050 putamus
536 995 759 1035 coniecisse
795 994 1020 1034 verissime.
1085 993 1264 1042 Quorum
1314 994 1477 1045 quidem

120 1055 459 1108 philosophorum
497 1052 723 1093 confutatio
761 1050 880 1103 digna
918 1054 984 1091 est
1022 1050 1213 1103 profecto
1251 1062 1354 1103 quae
1384 1050 1476 1090 dili-

120 1112 280 1164 gentius
310 1110 574 1162 expendatur.
629 1108 768 1148 Habet
798 1109 904 1149 enim
932 1107 1011 1146 iim
1040 1107 1250 1147 maximam
1271 1107 1320 1147 ad
1347 1108 1476 1160 ipsius

120 1168 300 1209 Platonis
330 1172 509 1207 mentem
537 1178 584 1205 ac
613 1164 854 1207 sententiam
880 1164 1001 1216 plane
1031 1163 1304 1216 aperiendam.
1361 1163 1476 1215 Quo-

121 1226 244 1266 modo
282 1225 407 1276 igitur
441 1223 502 1264 illi
538 1221 816 1265 refelluntur‘i
883 1220 1082 1262 Nimirum
1127 1221 1287 1272 quaerit
1329 1233 1379 1261 ex
1426 1221 1475 1260 iis

120 1281 416 1333 philosophus,
441 1292 535 1322 num
567 1279 706 1327 ideae,
737 1290 835 1331 quas
867 1281 1066 1326 statuant,
1108 1277 1387 1330 intelligantur
1415 1281 1478 1317 at-

122 1351 202 1390 que
232 1342 536 1390 cognoscantur.
594 1336 683 1386 Quo
713 1347 909 1375 concesso
928 1339 1124 1386 protenus
1156 1334 1360 1375 concludit
1387 1347 1478 1376 eam

121 1396 248 1448 ipsam
281 1395 332 1435 ob
361 1406 520 1433 oausam
553 1397 595 1434 et
623 1392 879 1432 affectionem
910 1396 954 1433 et
982 1392 1182 1431 actionem
1211 1390 1253 1431 in
1282 1404 1351 1431 eas
1380 1403 1476 1431 con-

121 1452 283 1500 venire,
321 1450 643 1502 quandoquidem
686 1449 856 1489 scientia
889 1452 933 1488 et
975 1448 1155 1500 cognitio
1185 1449 1313 1488 omnis
1343 1449 1478 1502 posita

123 1509 178 1550 sit
195 1509 236 1550 in
256 1509 295 1548 vi
318 1513 359 1546 et
379 1507 572 1548 facultate
590 1518 744 1554 eorum,
775 1517 878 1556 quae
897 1508 1036 1545 mutuo
1055 1506 1161 1545 inter
1182 1506 1272 1556 ipsa
1301 1518 1476 1558 congre-

123 1565 302 1607 diantur:
333 1575 412 1604 non
444 1565 550 1603 enim
579 1575 703 1615 posse
735 1560 950 1614 quidquam
975 1560 1163 1614 intelligi,
1187 1562 1264 1601 nisi
1293 1565 1336 1602 et
1365 1563 1476 1615 pati-

120 1622 204 1662 bile
233 1620 326 1673 quid
355 1619 485 1669 adsit,
514 1624 558 1660 et
586 1631 727 1659 rursus
756 1618 928 1670 aliquid,
959 1618 1068 1669 qnod
1095 1618 1244 1658 habeat
1272 1620 1351 1659 vim
1377 1618 1476 1659 effi-

122 1678 267 1719 ciendi.
326 1678 412 1717 Sed
449 1689 499 1717 ex
542 1676 606 1716 his
635 1688 758 1728 quum
796 1674 1013 1714 concludat
1047 1675 1151 1715 ideis
1189 1676 1270 1715 iam
1306 1679 1475 1717 eatenus

121 1739 277 1777 motum
312 1734 567 1774 tribuendum
607 1744 723 1781 esse,
762 1731 869 1784 quod
906 1733 1053 1773 mentis
1089 1732 1320 1785 cognitione
1355 1734 1477 1774 attin-

123 1796 292 1844 gantur,
339 1796 424 1830 tum
472 1788 643 1831 eundem
689 1789 738 1830 iis
785 1789 960 1829 vindicat
1007 1789 1129 1830 etiam
1176 1789 1255 1829 alio
1301 1792 1476 1833 nomine.

124 1848 262 1899 Quid?
300 1848 452 1899 inquit;
494 1859 590 1888 num
628 1846 690 1893 ei,
730 1846 838 1897 quod
877 1846 1067 1898 perfecte
1107 1850 1174 1886 est
1204 1844 1288 1900 (τῷ
1317 1860 1478 1890 παντε-

122 1904 209 1953 λῶς
239 1899 372 1957 ὄντι),
401 1907 555 1943 motum
585 1906 628 1943 et
645 1903 766 1944 vitam
797 1906 840 1941 et
867 1903 1178 1955 intelligentiam
1207 1907 1250 1943 et
1279 1905 1477 1945 rationem

62 1959 68 1963 ’
122 1962 373 2014 eripiemus?
402 1973 496 2000 num
523 1959 621 2000 illud
654 1960 788 1998 vivere
818 1963 861 1999 et
886 1972 1036 2012 sapere
1062 1960 1298 2013 negabimus
1321 1963 1477 2015 potius—

123 2032 202 2069 que
232 2018 410 2058 dicemus
439 2021 608 2068 augusta
637 2019 680 2056 et
707 2015 935 2055 veneranda
960 2017 1118 2057 ratione
1146 2018 1308 2068 penitus
1338 2031 1478 2059 carere

122 2076 414 2126 immotumque
451 2073 592 2113 stare?
623 2070 686 2125 (p.
715 2073 811 2113 248.
839 2073 875 2112 E
908 2071 1002 2127 sq.).
1058 2074 1183 2126 Atqui
1221 2076 1351 2115 omnis
1384 2076 1477 2115 inde

124 2132 397 2185 proficiscitur
425 2130 529 2170 ratio
557 2134 599 2169 et
626 2130 916 2181 intelligentia:
943 2132 1045 2170 haec
1073 2133 1210 2170 autem
1232 2144 1354 2183 quum
1380 2133 1479 2172 nihil

125 2189 179 2228 sit
207 2189 312 2228 aliud
347 2200 464 2240 quam
494 2187 600 2226 actio
632 2191 675 2226 et
702 2188 883 2239 agitatio,
911 2186 1099 2240 profecto
1127 2190 1404 2241 consequitur,
1434 2194 1478 2231 ut

125 2247 186 2294 ei,
227 2245 333 2297 quod
374 2258 470 2284 vere
510 2241 776 2296 perfecteque
814 2247 900 2293 est,
940 2245 1060 2284 etiam
1098 2249 1318 2297 propterea
1341 2249 1476 2287 motus

125 2303 361 2343 tribuendus
391 2302 460 2349 sit,
492 2299 597 2352 quod
628 2302 757 2340 nativa
775 2301 813 2339 vi
832 2313 905 2340 sua
934 2300 1078 2353 pollet,
1097 2300 1243 2341 efficax
1272 2306 1350 2352 est,
1380 2315 1475 2356 pro·

127 2365 318 2411 creatque
360 2358 597 2410 sapientiam
637 2361 681 2396 et
718 2358 1038 2409 intelligentiam.
1096 2359 1158 2398 lta
1195 2361 1319 2411 igitur
1349 2359 1478 2400 effici·

126 2420 216 2463 tur,
246 2420 290 2455 ut
321 2409 370 2455 τὸ
403 2411 477 2463 ὅν,
514 2413 581 2453 vel
622 2415 713 2465 quia
742 2415 971 2467 cognitione
999 2416 1233 2467 attingitur,
1275 2416 1338 2456 vel
1369 2418 1481 2468 quod

126 2472 223 2511 vivit
249 2476 460 2524 vegetque,
489 2475 642 2511 motum
669 2471 822 2511 habere
842 2472 1062 2511 existimari
1083 2476 1287 2525 oporteat.
1347 2474 1479 2522 Quum

126 2541 224 2568 vero
254 2530 310 2568 ita
348 2529 646 2568 demonstretur
691 2529 954 2568 subtilissime
986 2529 1099 2568 ideas
1139 2540 1235 2568 esse
1265 2531 1480 2570 mutabiles

128 2589 249 2636 atque
277 2585 406 2633 vivas,
444 2589 577 2624 tamen
618 2585 739 2624 etiam
777 2585 1022 2626 contrarium
1051 2587 1099 2624 iis
1130 2589 1346 2626 convenire
1375 2587 1480 2626 iudi·

128 2647 268 2690 catur,
297 2642 376 2680 hoc
403 2646 489 2689 est,
529 2646 694 2680 naturae
723 2655 820 2681 suae
851 2644 1112 2682 constantiam
1145 2648 1189 2682 et
1217 2644 1480 2695 aequabilita-

128 2703 225 2739 tem.
283 2697 386 2741 Nam
423 2698 549 2741 sicuti
572 2711 710 2750 meus,
739 2700 869 2752 inquit
899 2700 1163 2754 philosophus
1181 2730 1192 2749 ,
1222 2706 1343 2754 atquc
1372 2691 1478 2740 ratio
