1748 2944
669 73 966 108 ΘΕΑῙΤΗΤΟΣ.
1450 70 1529 111 141

108 213 150 239 τι
174 189 510 251 παρειλήφαμεν
545 188 662 249 παρὰ
693 209 776 248 μεν
811 194 903 235 τῶν
937 187 1137 248 ἀρχαίων
1169 205 1277 247 μετα
1313 186 1531 244 ποιήσεως

111 261 501 321 ε’πικρυπτομένων
526 257 632 310 τούς
663 256 878 316 πολλούς,
915 255 974 310 ὡς
999 253 1026 315 ἡ
1059 258 1233 314 γένεσις
1255 274 1349 300 των
1379 252 1529 301 αλλων
1553 264 1586 296 D

110 327 292 375 πάντων
310 325 519 379 Ὠκεανός
543 344 590 372 τε
614 327 689 372 καὶ
721 325 876 385 Τηθὺς
900 324 1098 384 ῥεύματα
1122 322 1332 383 τυγχάνει
1356 324 1430 368 καὶ
1454 320 1533 368 οὐ-

113 398 190 443 δεν
213 399 395 454 ἕστηκε,
428 392 547 454 παρὰ
581 394 630 440 δε
660 397 751 440 τῶν
782 393 986 452 ὑστέρων
1017 391 1094 439 ἅτε
1127 393 1394 451 σοφωτέρων
1426 410 1532 436 ανα-

76 488 92 513 5
110 463 287 523 φανδόν
321 461 745 521 ἀποδεικνυμένων,
783 466 859 509 ἵνα
892 462 966 507 καὶ
1004 463 1049 507 οἷ
1081 458 1342 519 σκυτοτόμοι
1383 457 1534 504 αὐτῶν

109 531 192 591 τὴν
214 536 378 590 σοφίαν
399 529 608 590 μάθωσιν
644 527 914 583 ἀκούσαντες
948 530 1022 575 καὶ
1059 527 1321 575 παύσωνται
1345 524 1532 586 ἠλιθίως

110 599 304 659 οἰόμενοι
328 598 380 645 τοὶ
403 600 486 658 μὲν
511 597 715 658 ἑστάναι,
741 598 793 644 τὰ
821 599 868 644 δὲ
892 605 1118 643 κινεῖσθαι
1141 600 1232 642 τῶν
1254 594 1422 654 ὄντων,
1446 614 1528 654 μα·

108 667 268 721 θόντες
300 666 344 713 δ’
373 666 440 713 ὅτι
464 666 608 713 πάντα
639 677 826 713 κινεῖται
857 668 1044 725 τιμῶσιν
1078 664 1262 720 αὐτούς;
1294 662 1449 721 ὀλίγου
1483 663 1533 708 δὲ

111 735 416 795 ἐπελαθόμην,
450 730 484 781 ὦ
511 734 739 794 Θεόδωρε,
770 733 837 780 ὅτι
868 732 994 779 ἄλλοι
1025 727 1083 779 αὖ
1113 731 1326 779 τάναντία
1360 730 1534 784 τούτοις

60 827 91 851 10

110 874 184 917 καὶ
208 870 319 917 ἄλλα
352 869 436 918 ὅσα
461 874 686 918 Μέλισσοί
711 889 758 916 τε
790 871 863 915 καὶ
890 873 1173 929 Παρμενίδαι
1198 866 1532 955 ἐναντιούμενοι

109 943 218 986 πᾶσι
258 938 429 993 τούτοις
470 943 838 998 ὃιισχυρίζονται,
882 957 940 991 ως
976 940 1026 983 ἔν
1065 955 1114 982 τε
1150 937 1294 990 πάντα
1331 937 1421 981 ἐστὶ
1458 937 1530 981 καὶ

110 1010 294 1066 ἕστηκεν
318 1005 425 1053 αὐτὸ
452 1009 500 1053 έν
523 1004 643 1053 αὑτω
667 1005 750 1052 οὐκ
777 1011 876 1065 ἔχον
899 1004 1048 1064 χώραν
1074 1008 1122 1051 ἐν
1146 998 1174 1065 ᾗ
1198 1014 1398 1050 κινεῖται.
1424 1001 1530 1050 τού-

109 1095 199 1129 τοις
222 1078 319 1133 οὐν,
347 1095 380 1121 ω
406 1077 566 1133 ἑταιρε,
592 1080 698 1120 πᾶσι
722 1079 767 1120 τί
789 1073 1068 1133 χρησόμεθα;
1103 1071 1214 1118 κατὰ
1237 1070 1423 1131 σμικρὸν
1445 1091 1531 1130 γαρ

78 1167 93 1191 ε,
113 1142 341 1201 προϊόντες
367 1141 620 1201 λελήθαμεν
643 1140 906 1201 ἀμφοτέρων
926 1147 986 1194 εἰς
1006 1140 1053 1187 τὸ
1078 1143 1213 1200 μέσον
1238 1139 1531 1198 πεπτωκότες,

112 1213 184 1256 καὶ
218 1209 274 1256 ἂν
309 1209 368 1269 μή
408 1229 468 1270 πῃ
505 1209 774 1269 ἀμυνόμενοι
814 1209 1125 1268 διαφύγωμεν,
1163 1214 1293 1267 δίκην
1327 1209 1529 1268 δώσομεν

204 1357 221 1386 1
246 1349 542 1405 παρειλήφαμεν
563 1350 668 1407 παρὰ
693 1355 786 1388 ΛΠ(Ξ
798 1354 1065 1387 PABCHb(
1056 1366 1067 1385 1
1094 1353 1202 1390 Bklc„
1236 1347 1534 1396 παρειλήφαμεν

113 1411 135 1441 η
160 1395 264 1455 παρὰ
289 1408 322 1434 5.
486 1402 505 1432 7
529 1397 725 1454 μαθόντες
751 1394 791 1432 δ’
816 1411 885 1431 om.
911 1398 1381 1436 ΓΞΣΥΕΗΖΤΜΒἈΓΙ.

115 1447 156 1477 10
172 1441 254 1478 οἷον
270 1440 454 1495 ἀκίνητον
469 1443 658 1499 τελέθειν,
677 1437 705 1487 ᾧ
723 1439 836 1478 πάντ
853 1439 962 1487 ὄνομ’
979 1441 1077 1477 εἶναι
1098 1445 1176 1476 sive
1194 1440 1276 1477 οἶον
1294 1437 1477 1492 ακίνητόν
1495 1454 1535 1476 τε

113 1487 254 1531 πέλειν,
278 1490 328 1522 τῶ
353 1485 452 1523 πάντ
487 1484 598 1533 ὄνομ’
617 1485 719 1523 ἐστίν
742 1491 996 1522 Buttmannns.
1097 1485 1198 1532 οἷον]
1225 1490 1422 1521 ‘Fortasse
1445 1482 1535 1522 όλον

111 1535 230 1567 latet‘
221 1546 257 1566 m
275 1526 385 1567 οιον.’
405 1524 744 1567 WVinckdlmannus.
838 1533 989 1567 τελέθει
1008 1534 1058 1579 τῷ
1075 1533 1191 1568 παντὶ
1210 1543 1243 1570 5.
1340 1536 1381 1566 14
1399 1531 1533 1578 χρησό-

111 1581 216 1622 μεθα
234 1580 352 1615 ΨΙΔΠ
365 1581 453 1622 de.
472 1581 516 1613 de
535 1581 715 1623 Stephani
732 1582 967 1621 coniectura,
986 1571 1218 1623 χρησώμεθα
1235 1588 1266 1615 5.

162 1706 177 1735 1
207 1698 312 1746 παρα
340 1701 410 1746 μὲν
432 1703 506 1737 τῶν
535 1698 722 1747 ἄρχαίωντ
753 1715 787 1747 p.

116 1749 219 1780 152ss
241 1750 354 1782 160D.

159 1796 179 1825 5
197 1794 302 1826 ‘Post
329 1789 669 1847 ἀποδεικνυμένων
695 1795 789 1836 quod

114 1840 239 1870 statim
272 1839 359 1870 addi
388 1839 548 1872 debebat
575 1833 634 1872 ὅτι
661 1839 790 1873 πάντα

114 1886 299 1924 κινεῖται,
317 1884 423 1916 huius
442 1884 660 1934 significatio
677 1886 787 1917 infer—

113 1934 173 1960 tur
200 1930 237 1960 in
247 1930 504 1979 sequentibus
526 1924 721 1972 μαθόντες
745 1927 788 1963 δὲ

113 1984 170 2006 οτι
202 1985 329 2007 παντα
362 1975 554 2010 κινεῖται’
595 1975 789 2007 ΗΕῙΝΒΟΒ-

115 2029 215 2052 mus.
244 2019 300 2051 Cf.
319 2019 428 2071 adp.
436 2019 552 2052 2030.

175 2060 214 2097 οἷ
270 2059 493 2115 σκυτοτόμοι
555 2064 790 2098 ‘vilissimum

114 2120 227 2162 prope
249 2105 451 2152 βαναύσων
476 2119 608 2151 genuS,
638 2110 728 2143 adeo
751 2114 791 2142 ut

116 2156 154 2186 in
176 2156 407 2210 proverbium
427 2156 598 2187 abierint.
639 2156 694 2187 De
713 2167 788 2206 rep.

1038 1697 1157 1738 οὗὸεν
1176 1700 1247 1748 γὰρ
1266 1701 1368 1737 εστιν
1387 1696 1410 1747 ἢ
1430 1700 1536 1737 ε’σται

905 1743 995 1782 ἄλλο
1027 1746 1147 1801 παρὲξ
1176 1749 1243 1783 τοῦ
1272 1745 1417 1787 ἐόντος·
1452 1745 1535 1782 ἐπεὶ

1083 1790 1127 1827 τό
1143 1805 1186 1838 γε
1205 1789 1308 1837 μοῖρ’
1329 1789 1519 1847 ἔπέὸησεν

904 1836 986 1873 οἷον
1028 1835 1238 1891 ἀκίνητον
1261 1837 1437 1873 τελέθειν
1483 1839 1534 1884 τῷ

1084 1897 1199 1918 παντι
1216 1879 1325 1938 ὄνομ’
1347 1881 1466 1926 εἶναι,

903 1939 998 1964 οσσα
1015 1929 1143 1981 βροτοὶ
1166 1927 1380 1963 κατέθεντο
1403 1941 1536 1963 πεποι-

1086 1972 1201 2014 θότες
1220 1972 1320 2008 εἶναι
1339 1969 1489 2018 ἀληθῆ,

906 2020 1115 2063 γίγνεσθαί
1127 2031 1165 2053 τε
1180 2019 1245 2053 καὶ
1262 2014 1467 2076 ὄλλυσθαι,
1485 2017 1537 2054 εἶ-

1086 2066 1156 2099 ναί
1169 2077 1208 2099 τε
1227 2064 1291 2098 καὶ
1309 2059 1410 2100 οὐκί.

861 2127 1082 2160 Mullachius
1108 2128 1237 2170 fragm.
1262 2128 1350 2170 phil.
1376 2129 1436 2161 Gr.
1460 2129 1478 2161 Ι
1502 2140 1535 2171 p.

119 2200 145 2229 V
164 2200 271 2232 456D
289 2195 331 2233 ἔν
347 2191 418 2233 οὖν
435 2212 478 2243 τη
497 2194 618 2252 πόλει,
639 2193 685 2243 ἣν
696 2194 791 2253 ᾠκί-

116 2243 245 2287 ζομεν,
254 2240 440 2299 Ἡπότερον
458 2244 530 2277 οἰέι
560 2240 655 2296 ἡμῖν
683 2235 791 2297 οἷ’μεί-

116 2300 206 2328 vove
246 2283 402 2341 ανὸρας
423 2285 671 2344 ἐξειργάσθαι
703 2286 791 2329 τοὺς

117 2331 293 2376 φύλακας
310 2330 495 2391 τυχόντας
513 2347 557 2378 ης
576 2332 791 2386 διήλθομεν

115 2379 315 2421 παιδείας,
353 2393 373 2423 η
407 2391 496 2419 τους
536 2374 790 2433 σκυτοτόμους

116 2423 160 2467 τῇ
188 2424 345 2468 σκυτικῇ
377 2423 683 2465 παιδευθένταςς
721 2427 789 2459 Γε-

118 2471 239 2510 totana,
264 2461 358 2513 ἔφή,
388 2466 541 2514 ἐρωτᾷς.
547 2470 556 2485 ’
596 2472 787 2503 Hnmnon-

119 2525 205 2546 mus
223 2515 268 2547 ad
286 2515 432 2550 Charm.
451 2517 514 2548 163
524 2516 563 2551 Ρ

170 2561 212 2592 10
251 2557 334 2592 οἷον
375 2554 560 2603 ακίνητον
599 2558 788 2594 τελέθειν.

118 2605 361 2637 Parmeniden
380 2606 455 2646 illa,
475 2617 570 2649 quae
588 2607 696 2638 Plato
713 2606 748 2639 h.
767 2606 791 2638 l.

118 2651 295 2691 respexit,
323 2650 494 2692 leguntur
522 2651 619 2693 apud
650 2651 792 2694 Simpli-

119 2696 214 2726 cium
244 2695 281 2726 in
304 2695 413 2728 Arist.
438 2697 543 2739 phys.
569 2696 630 2730 fol.
653 2698 693 2728 7⁸
718 2698 790 2729 19a

118 2742 157 2772 31
169 2741 190 2771 b
209 2743 245 2771 et
263 2750 283 2770 a
300 2740 505 2781 Karstenio,
527 2743 642 2773 Parm.
661 2741 790 2784 reliqu.

118 2796 151 2828 p.
171 2786 213 2817 38
233 2785 283 2816 sic
303 2784 398 2816 edita
417 2790 516 2818 sunt:

862 2174 926 2205 124
934 2173 1193 2205 Buttmannum
1207 2177 1357 2206 secutus
1370 2175 1535 2216 scripsit:

905 2231 988 2268 οἷον
1017 2229 1202 2288 ἀκίνητόν
1232 2229 1268 2268 τ’
1299 2232 1450 2293 ἔμεναι
1485 2235 1535 2281 τῷ

1083 2275 1200 2313 πάντ’
1219 2275 1314 2323 ὄνομ
1349 2276 1462 2315 ἐστίν.

860 2341 900 2374 C.
927 2343 970 2378 G.
994 2342 1157 2375 Cobetus
1189 2347 1328 2381 autem,
1363 2353 1535 2375 mnemos.

859 2388 911 2419 IX
928 2398 962 2429 p.
981 2388 1064 2420 383.-

904 2441 1017 2482 οὖλον
1044 2444 1230 2502 ἀκίνητον
1268 2449 1444 2483 τελέθειν
1486 2449 1535 2496 τῷ

1084 2494 1164 2528 πᾶν
1180 2490 1294 2538 ὄνομ’
1314 2492 1428 2529 εἶναι.

906 2562 947 2594 13
965 2556 1034 2595 οὐκ
1053 2559 1092 2606 ἔχ
1096 2574 1139 2596 ον
1157 2558 1318 2618 χώραν.
1312 2563 1422 2595 Arist.
1434 2563 1536 2605 phys.

859 2607 909 2638 IV
926 2608 946 2638 6
971 2575 1163 2658 Μέλισσος
1186 2619 1255 2651 μεν
1273 2599 1344 2641 οὖν
1366 2607 1430 2641 καὶ
1456 2606 1536 2640 δει-

859 2661 996 2685 κνυσιν
1017 2645 1075 2684 ὅτι
1105 2650 1146 2685 τὸ
1175 2653 1254 2686 πᾶν
1280 2648 1465 2703 ακίνητον
1495 2647 1536 2686 ἐκ

858 2691 1019 2729 τούτων·
1030 2695 1065 2730 εἰ
1077 2694 1149 2740 γὰρ
1163 2695 1372 2749 κινήσεται,
1384 2691 1535 2752 ἀνάγκη

860 2738 976 2793 εἶναι,
996 2743 1107 2795 φησί,
1133 2739 1264 2776 κενόν·
1288 2738 1331 2776 τὸ
1356 2740 1399 2775 δὲ
1423 2740 1537 2777 κενὸν

860 2780 904 2819 οὗ
923 2785 995 2820 τῶν
1013 2782 1144 2820 ὄντων.
1170 2789 1267 2823 Hor

111 802 412 863 ἀπεφήναντο,
437 800 533 849 οἷον
556 802 767 861 ἀκίνητον
790 804 992 848 τελέθειν
1023 795 1060 862 ᾦ
1083 799 1216 847 πάντ’
1243 798 1367 858 ὄνομ’
1398 800 1529 858 εἶναι,
1554 809 1584 840 Ε

1558 1218 1620 1250 181
