1716 2970
670 157 973 193 ΘΕΑῙΤΗΤΟΣ.
1485 152 1538 195 67

211 284 311 324 ΣΩ.
364 274 602 334 Ἐννόησον
636 273 692 333 δὴ
725 272 774 320 τὸ
798 275 902 333 περὶ
937 272 1016 326 τοὶς
1040 277 1174 331 μαίας
1199 270 1321 317 ἅπαν
1346 270 1405 326 ὥς
1432 276 1537 330 ἔχει,
1556 280 1622 312 149

108 348 183 392 καὶ
207 349 318 406 ῥᾷον
325 343 557 425 μαθήσει
566 339 591 389 ὃ
623 342 850 400 βούλομαι.
909 340 1046 387 οἶσθα
1079 339 1166 398 γάρ
1198 357 1287 386 που
1321 336 1380 394 ὦς
1411 337 1540 385 οὐδε-

108 419 188 474 μία
219 433 367 460 αυτων
405 416 469 458 ἔτι
501 409 613 469 αὐτὴ
656 412 925 468 κυισκομένη
963 427 1011 455 τε
1051 410 1125 454 καὶ
1159 413 1372 454 τίκτουσα
1403 407 1539 461 ἄλλας

108 482 356 542 μαιεύεται,
382 477 478 526 ἀλλ’
509 483 560 525 αί
578 477 666 537 ἤδη
690 477 906 524 ἀδύνατοι
929 481 1104 523 τίκτειν.

75 571 92 596 5
213 554 373 596 ΘΕΑΙ.
431 547 563 594 Πάνυ
587 565 671 605 μεν
694 539 790 593 οὖν.

210 623 312 663 ΣΩ.
370 619 533 662 Αἰτίαν
558 616 612 660 δέ
639 633 690 673 γε
720 612 881 660 τούτου
905 613 1047 671 φασὶν
1074 611 1188 658 εἶναι
1214 611 1300 670 τὴν
1311 609 1540 670 Ἀρτεμιν,

107 703 176 731 οτι
206 682 362 743 ἄλοχος
395 677 506 729 οὖσα
539 681 621 740 τὴν
653 686 831 740 λοχείαν
863 687 1020 740 εἴληχε.
1071 685 1303 738 στερίφαις
1336 680 1420 737 μὲν
1453 698 1539 724 ουν

108 752 195 812 ἄρα
219 750 301 798 οὐκ
326 755 464 797 ἔδωκε
488 750 779 809 μαιεύεσθαι,
808 747 876 795 ὅτι
873 747 927 830 ’.ἡ
952 747 1222 806 ανθρωπίνη
1246 747 1380 807 φύσις
1402 744 1584 793 ασθε·0

109 822 294 880 νεστέρα
326 817 353 877 ἢ
386 823 543 876 λαβεῖν
574 820 736 877 τέχνην
769 810 833 863 ὠν
865 837 922 862 αν
953 810 984 876 ᾖ
1015 814 1219 876 απειρος·
1261 826 1357 869 ταῖς
1393 815 1443 861 δὲ
1476 812 1539 861 δι’

60 909 93 935 ιο
110 886 288 947 ἡλικίαν
313 884 486 940 ἆτόκοις
509 891 749 945 προσέταξε
771 899 941 943 τιμωσα
965 883 1048 942 τὴν
1073 883 1209 942 αὐτῆς
1232 880 1482 942 ὁμοιότητα.

214 961 375 1002 ΘΕΛΙ.
428 954 568 1007 Εἰκός.

212 1029 312 1069 ΣΩ.
388 1020 568 1068 Οὐκοῦν
599 1022 673 1067 καὶ
706 1020 809 1067 τόδε
842 1019 960 1073 εἰκός
985 1038 1032 1066 τε
1059 1020 1133 1065 καὶ
1159 1018 1432 1078 ἀναγκαῖον,
1464 1018 1543 1072 τὰς

109 1091 302 1143 κυούσας
338 1091 412 1135 καὶ
444 1089 505 1148 μὴ
538 1087 872 1147 γιγνώσκεσθαι
903 1092 1073 1147 μᾶλλον
1096 1084 1186 1133 ὑπὸ
1218 1092 1311 1134 τῶν
1343 1084 1541 1147 μαιῶνῆ

108 1160 199 1204 τῶν
222 1158 394 1213 ἅλλων;

60 1247 92 1272 15
213 1232 373 1272 ΘΕΛΙ.
421 1223 555 1270 Πάνυ
579 1243 642 1282 γε.

214 1299 314 1340 Σῼ.
371 1294 460 1338 Καὶ
494 1291 583 1351 μὴν
623 1293 698 1337 καὶ
741 1294 952 1337 διδοῦσαί
980 1310 1030 1350 γε
1072 1294 1122 1336 αἱ
1150 1301 1278 1350 μαῖαι
1310 1291 1541 1351 φαρμάκια

112 1362 187 1406 καὶ
237 1358 482 1420 ἐπᾴδουσαι
531 1357 748 1405 δύνανται
796 1361 987 1418 ἐγείρειν
1032 1377 1080 1404 τε
1126 1357 1203 1413 τὰς
1251 1358 1418 1412 ὠδῖνας
1465 1360 1541 1405 καὶ

111 1429 482 1487 μαλθακωτέρας,
531 1425 587 1473 ἂν
634 1426 908 1485 βούλωνται,
951 1437 1120 1485 ποιεῖν,
1172 1428 1247 1473 καὶ
1287 1431 1454 1473 τίκτειν
1495 1439 1592 1473 τεΙ)

1004 1558 1054 1585 ως

201 1588 413 1632 205921412
430 1593 502 1626 ΓΟ
527 1594 627 1626 abci
653 1594 734 1627 Tur.
750 1585 965 1636 ,οῶςΗ,
999 1604 1060 1626 οτι
1092 1592 1152 1634 Ξ,
1182 1586 1242 1626 σ’τι
1272 1602 1304 1629 ς.
1401 1595 1443 1627 18
1473 1586 1537 1637 ἂν]

111 1638 259 1674 21A211⁸
275 1638 386 1680 Blek„
412 1631 464 1672 ὧν
483 1650 530 1672 αν
547 1640 696 1674 EBmg

859 1741 1026 1784 insignes
1050 1744 1134 1773 sunt
1155 1741 1317 1782 artibus,
1342 1751 1406 1773 eas
1427 1741 1544 1773 homi-

860 1787 967 1819 nibus
983 1786 1173 1835 impertire
1190 1789 1357 1838 possunt

908 1832 950 1864 10
966 1840 1113 1874 τιμωσα
1131 1843 1203 1874 την
1215 1842 1299 1864 αυτ.
1317 1825 1393 1874 ὁμ.,
1412 1831 1538 1863 simi-

860 1875 1052 1908 litudini
1077 1878 1145 1908 sui
1169 1876 1215 1909 id
1233 1876 1455 1909 tribuens.
1480 1877 1538 1909 De

112 1734 273 1792 ἀπορεῖς
295 1738 362 1773 καὶ
392 1751 482 1779 τους
505 1736 644 1779 ἄλλους
667 1742 792 1779 ποιεῖς

110 1779 283 1837 ἀπορεῖν

159 1833 176 1863 l
202 1825 408 1873 Ἐννόησον
429 1852 474 1857 -
501 1828 568 1863 καὶ
597 1826 692 1873 ἆᾷον
721 1842 792 1873 μα-

112 1870 240 1917 θήσει.
279 1875 420 1908 Eadem
450 1876 612 1926 protasis
641 1880 790 1917 parata-

112 1921 208 1952 ctica
224 1931 260 1962 p.
279 1919 379 1952 1540
405 1915 578 1972 Σμικρὸν
603 1918 695 1972 λαβὲ
717 1932 792 1953 πα-

112 1960 318 2008 ράδειγμα,
336 1962 403 1997 καὶ
415 1960 543 1998 πάντα
557 1958 680 1998 εἴσει“
664 1959 689 1998 οὶ
703 1963 789 2008 βού-

115 2011 241 2062 λομαι
282 2020 317 2052 Ρ.
337 2009 441 2043 1831)
466 2004 506 2053 ἐρ
507 2005 585 2042 αἱτα
610 2001 698 2051 οὖν,
722 2009 790 2043 καὶ

113 2049 283 2088 ἀκούσει.
326 2065 359 2097 Ρ.
383 2021 506 2088 198A⁹
511 2050 644 2088 σκόπει
672 2054 789 2088 τίνων

113 2099 240 2133 δεῖται
256 2093 454 2141 ονομᾰτων
472 2118 514 2123 —
525 2095 729 2156 ’μαθήσει
748 2094 787 2133 δ’

114 2139 299 2178 ἐντεῦθεν
317 2142 553 2197 σαφέστερον
571 2145 612 2178 τί
625 2146 690 2189 λεγ
693 2157 732 2179 ω.

157 2191 178 2222 2
203 2186 322 2223 οἶσθα
341 2212 385 2216 -
404 2201 465 2229 ως,
499 2190 593 2223 Phil.
605 2192 688 2224 48A
708 2184 764 2233 Τη
768 2201 790 2223 ν

114 2228 155 2267 δ’
179 2229 221 2267 ἐν
250 2237 335 2274 ταῖς
358 2234 582 2288 κωμῳδίαις
607 2202 790 2269 διάθεσιν

113 2274 221 2358 Ξμῶν
243 2279 314 2332 τῆς
341 2280 488 2331 ψυχῆς,
520 2271 582 2323 ἆρ’
609 2275 715 2314 οἶσθ’
740 2278 791 2319 ὡς

134 2333 218 2358 στιν
233 2319 306 2358 κᾶν
323 2335 474 2364 του-τοις
489 2325 593 2368 μῖξις
612 2322 733 2370 λύπης
749 2337 790 2360 τε

112 2367 180 2403 καὶ
190 2364 319 2426 ἡδονῇ
323 2381 357 2411 ς;

157 2415 178 2447 6
190 2409 323 2458 Ἀρτεμ
326 2426 375 2447 ιν.
431 2416 489 2448 De
512 2415 583 2448 hae
599 2416 788 2449 Artemide

112 2459 225 2502 Ilithy
228 2460 264 2492 ia
289 2460 336 2495 cf.
354 2460 548 2502 Welcker,
567 2460 617 2493 kl.
641 2460 791 2494 schrift.

113 2504 169 2537 111
160 2516 223 2582 Ιτ’,Ρ
239 2507 304 2538 203
323 2515 376 2548 sq.

160 2544 347 2602 Ἷᾶλοχος.
394 2550 526 2583 Pollux
543 2551 600 2583 III
620 2551 662 2583 15
686 2546 791 2584 Πλά-

114 2605 189 2627 των
211 2590 341 2637 δὲτὴν
365 2592 584 2648 παρθένον,
610 2590 659 2633 (ὃς
683 2606 790 2629 ουπω

116 2639 390 2683 λοχευθεῖσαν,
414 2636 554 2683 αλοχον
576 2642 696 2674 καλεῖ.
722 2641 789 2673 Fx-

116 2694 294 2718 scm-mus.
342 2686 398 2718 De
424 2697 502 2719 voc.
526 2686 714 2737 στερίφαι
729 2686 790 2718 Ti-

111 2739 239 2762 maeus
265 2741 301 2773 Ρ.
324 2732 390 2764 238
419 2733 584 2784 στεῖραι,
613 2726 718 2772 παρὰ
747 2726 790 2764 τὸ

114 2770 398 2854 στεΒρεὲνιςέχειν
421 2773 492 2819 τήν
513 2771 694 2819 ὑστέραν,
725 2777 790 2809 ubi

112 2830 135 2851 v
194 2830 219 2852 u
245 2830 269 2851 n
299 2831 343 2852 en

159 2866 181 2898 8
198 2860 329 2898 ἔδωκε.
370 2867 432 2898 Dii
449 2867 545 2899 enim
569 2867 728 2908 quibus
718 2867 791 2909 1psi

859 1920 934 1963 leg.
957 1922 1028 1954 VII
1052 1921 1154 1954 7960
1180 1914 1205 1953 ἁ
1210 1918 1279 1973 δὴ
1304 1915 1456 1960 πάντως
1478 1933 1539 1964 μι-

859 1966 1025 2018 μεῖσθαι
1041 1964 1187 2017 πρέπον
1205 1958 1253 1999 ἂν
1268 1965 1328 2018 εἴη
1345 1962 1483 2008 κόρους
1499 1977 1541 2000 τε

858 2021 939 2062 αμα
970 2009 1040 2044 καὶ
1069 2006 1207 2053 κόρας,
1239 2006 1311 2053 τὴν
1343 2010 1412 2054 τῆς
1438 2011 1540 2044 θεοῦ

859 2050 972 2098 χάριν
994 2055 1202 2110 τιμῶντας,
1232 2054 1402 2111 πολέμου
1431 2051 1467 2089 τ’
1498 2051 1541 2090 ἐν

861 2100 971 2144 χρεία
999 2099 1067 2134 καὶ
1094 2095 1233 2144 εορτῶν
1263 2097 1388 2138 ἕνεκα,
1420 2102 1542 2135 Hem-

859 2155 1037 2178 nonnus.

907 2193 949 2224 13
966 2184 992 2234 ἢ
1006 2189 1080 2224 τῶν
1097 2184 1235 2224 ἄλλων.
1276 2191 1367 2225 Post
1390 2183 1416 2235 ἦ
1433 2192 1541 2225 omis-

860 2246 939 2268 ειιιιι
969 2239 1026 2269 est
1053 2230 1148 2278 ὑπό,
1176 2240 1218 2269 ut
1246 2236 1404 2270 Phaedr
1432 2237 1542 2270 255A

859 2276 934 2314 ὑπὸ
950 2261 1260 2333 ξυμφοιτητῶν”
1233 2294 1257 2325 η
1271 2293 1388 2315 τινων
1401 2275 1540 2316 ἄλλων.

906 2328 948 2359 16
993 2337 1220 2369 φαρμακια,
1267 2328 1540 2367 Mittelchen,

859 2372 919 2403 eui
950 2372 1091 2405 formae
1129 2372 1270 2415 aliquid
1307 2376 1542 2416 contemptus

858 2417 982 2450 inesse
1010 2417 1209 2451 videbatur
1235 2417 1461 2451 Buttmanno
1494 2418 1541 2450 ad

859 2461 1017 2495 Phaedr.
1026 2463 1093 2495 268
1103 2462 1144 2496 C.
1169 2463 1403 2496 Obstetriees
1416 2466 1541 2496 autem

860 2507 958 2549 quod
1020 2507 1289 2541 medicamenta
1350 2509 1541 2551 puerperis

859 2552 1108 2605 praebebant,
1148 2553 1272 2586 dictae
1306 2557 1393 2586 sunt
1426 2555 1540 2587 etiam

861 2592 1059 2640 ακέστριαι
1092 2598 1168 2631 sive
1202 2593 1316 2632 ἆκεστ
1318 2598 1434 2641 ρίδες.
1484 2597 1540 2630 Cf.

858 2611 1363 2687 Weloker‚kl.Sch1-.111⁹p.
1385 2646 1460 2677 194

906 2689 948 2720 17
965 2668 1203 2731 ἒπᾴλῖουσαι.,
1219 2690 1275 2722 De
1301 2688 1538 2729 carminibus,

860 2733 993 2774 quibus
1048 2733 1268 2766 obstetrices
1329 2733 1540 2776 parturien-

858 2778 949 2810 tium
980 2778 1124 2811 dolores
1159 2778 1351 2812 leniebant
1386 2781 1423 2811 et
1453 2788 1540 2820 par-

859 2825 934 2855 tum
980 2824 1261 2865 accelerabant,
1304 2835 1336 2858 v.
1367 2823 1540 2857 Welcker

857 2867 881 2899 l.
899 2867 922 2900 1.
942 2879 975 2910 p.
992 2870 1045 2901 70.

1216 2923 1264 2958 5*
