1716 2970
640 145 1027 182 PROLEGOMENA.
1523 142 1551 184 3

239 263 420 305 Euclides
440 268 479 303 et
499 261 678 314 Terpsio,
701 261 769 312 qui
789 259 865 300 hoc
885 258 1089 312 prooemio
1111 256 1384 309 colloquentes
1404 256 1552 308 produ-

126 328 289 368 cuntur,
311 321 562 372 Megarenses
583 323 713 363 erant,
736 316 915 357 fidissimi
936 315 1133 368 quondam
1155 314 1329 354 Socratis
1357 313 1551 365 discipuli,

129 380 192 418 cui
213 379 327 418 etiam
348 375 586 416 moribundo
608 371 831 425 aderant1),
857 371 974 412 ambo
989 372 1247 412 Theaetetum
1270 370 1551 410 Atheniensem

125 436 258 487 magni
277 434 469 474 fecerunt.
510 431 588 472 Sed
611 431 660 471 de
682 430 900 482 Terpsione
921 441 1011 468 cum
1031 433 1191 481 praeter
1218 427 1318 467 haec
1348 426 1444 466 nihil
1467 440 1551 466 me-

125 491 276 532 moriae
304 489 492 530 traditum
528 489 598 533 sit,
628 486 830 527 Euclidem
860 491 1042 531 narrant,
1078 490 1123 525 ut
1149 485 1354 525 Socratem
1384 483 1551 530 audiret,

124 547 297 588 Athenas
336 547 546 586 ventitasse
586 544 704 597 idque
732 543 794 583 vel
832 555 923 582 cum
952 543 1053 582 vitae
1090 541 1319 581 discrimine
1354 540 1495 580 fecisse
1505 539 1551 593 ²).

124 603 242 644 Cuius
264 615 354 642 cum
376 607 527 643 tantum
549 607 653 641 esset
673 600 846 640 Socratis
866 599 1060 644 studium,
1088 599 1234 637 mirum
1262 596 1442 648 profecto
1469 608 1551 636 non

124 665 201 706 est,
223 659 330 712 quod
351 659 458 699 Plato
481 658 529 698 ab
551 670 598 698 eo
619 658 730 697 finxit
750 656 1034 709 disputationes
1050 655 1270 696 Socraticas
1290 666 1443 694 summa
1464 653 1551 693 dili-

123 717 254 768 gentia
275 716 472 768 expositas
493 727 602 759 esse,
633 715 847 766 praecipue
869 725 952 759 eas,
983 724 1084 765 quae
1112 712 1259 751 suerint
1286 711 1335 750 de
1364 710 1553 750 scientiae

123 774 297 813 notione.
330 773 374 812 ln
395 771 622 811 notionibus
644 771 747 810 enim
768 769 1015 822 inquirendis
1036 780 1218 819 magnam
1242 773 1280 807 et
1308 780 1398 807 eum
1419 769 1550 818 ipsum

123 835 161 870 et
181 829 367 875 scholam,
383 829 494 869 cuius
509 832 646 868 auctor
668 831 764 871 erat,
779 826 1071 877 consumpsisse
1093 837 1255 877 operam
1273 825 1367 864 satis
1388 828 1552 864 constat.

237 886 383 931 Restat,
406 890 448 924 ut
468 884 644 924 dicamus
665 895 736 923 cur
756 882 866 922 Plato
889 895 934 922 ea
956 883 1100 926 omnia,
1123 893 1223 934 quae
1239 880 1456 933 praefanda
1478 879 1554 919 sibi

124 943 204 982 visa
226 942 320 988 siut,
343 942 420 981 hoc
440 952 624 980 sermone
644 941 748 979 inter
762 938 966 979 Euclidem
989 945 1028 978 et
1043 938 1306 990 Terpsionem
1328 937 1462 977 habito
1485 949 1553 976 ex-

124 999 316 1050 posuerit.
346 1000 472 1050 Atque
493 1003 583 1037 ante
605 996 735 1036 omnia
756 996 821 1035 hic
841 995 1056 1035 tenendum
1078 997 1152 1034 erit
1166 994 1372 1034 Platonem
1390 994 1554 1034 Socrate

122 1060 280 1094 mortuo
300 1055 458 1106 Megara
479 1054 704 1104 confugisse
725 1058 842 1104 atque
864 1052 929 1091 diu
951 1051 1126 1092 Euclidis
1147 1053 1310 1102 eiusque
1332 1052 1552 1091 amicorum

122 1110 292 1163 hospitio
313 1123 430 1151 usum
453 1123 538 1151 esse
559 1115 597 1150 et
618 1109 903 1149 consuetudine
914 1106 958 1158 3).
989 1108 1152 1148 Videtur
1172 1109 1291 1160 igitur
1307 1108 1384 1147 hoc
1399 1107 1552 1147 Theae-

122 1169 194 1207 teti
214 1167 419 1207 exordium
441 1167 552 1219 quasi
572 1172 872 1206 monumentum
894 1165 1092 1218 quoddam
1114 1177 1201 1205 esse
1220 1164 1327 1204 illius
1346 1164 1550 1215 temporis,

125 1223 232 1275 quod
251 1223 361 1263 Plato
381 1224 550 1275 Megaris
572 1225 724 1274 exegit,
747 1227 863 1274 atque
885 1223 1178 1274 quaestionum,
1200 1234 1298 1274 quas
1318 1222 1360 1261 in
1380 1220 1449 1260 illo
1472 1221 1551 1259 otio

123 1278 348 1331 instituit4).
404 1280 512 1327 Quae
544 1292 635 1319 cum
669 1281 722 1319 ita
757 1291 800 1319 se
830 1278 1022 1325 habeant,
1062 1278 1288 1318 verisimilis
1324 1284 1384 1317 est
1418 1278 1552 1331 opinio

126 1348 283 1382 eorum,
319 1337 386 1388 qui
414 1336 491 1375 hoc
520 1336 766 1388 prooemium
796 1334 1051 1375 dedicationis
1085 1334 1173 1374 loco
1208 1335 1438 1375 habendum
1466 1346 1554 1374 esse

125 1393 310 1445 suspicati
329 1391 472 1443 sunt5).

85 1568 121 1631 ιε
470 1538 536 1587 Π.
581 1538 956 1604 Argumentum
993 1536 1200 1602 dialogi,

180 1654 270 1690 Diet.
294 1654 530 1701 'riedemanm
560 1655 788 1703 Dialogorum
809 1654 970 1691 Platonis
998 1659 1210 1703 argumenta
1231 1655 1395 1702 exposita
1415 1660 1451 1691 et
1471 1655 1554 1691 illu-

292 1716 415 1747 strata.
447 1711 603 1759 Biponti.
626 1710 919 1747 MDCCLXXXVI.
940 1723 977 1759 p.
999 1709 1182 1748 40—53.

180 1766 221 1802 G.
244 1766 417 1814 Fehmer,
439 1767 625 1804 Theaeteti
644 1767 819 1804 Platonici
840 1768 1031 1804 enarratio.
1062 1767 1172 1804 Zeitz.
1199 1766 1320 1804 1855.

179 1823 211 1859 J.
233 1822 272 1860 F.
296 1823 434 1870 Serno,
454 1823 602 1860 Platons
622 1824 746 1873 Dialog
767 1824 997 1860 Theaetetos.
1031 1823 1056 1860 l.
1082 1824 1108 1859 T
1113 1823 1163 1860 hl.
1186 1823 1465 1874 Entwickelung
1486 1824 1549 1862 (les

291 1879 438 1916 Inhalts.
470 1879 678 1929 Landsberg
700 1892 730 1916 a.
751 1880 787 1916 d.
809 1880 870 1916 W.
893 1879 1015 1918 1855.

238 1955 421 1995 Socrates
441 1955 651 1995 Theodoro
673 1957 907 2008 Cyrenaico,
939 1969 1029 1996 cum
1049 1957 1212 1997 Athenis
1232 1957 1550 1998 mathematicam

125 2010 304 2056 doceret,
331 2012 371 2050 in
393 2013 594 2064 gymnasio
617 2013 785 2064 quodam
807 2013 962 2053 obviam
984 2013 1110 2053 factus
1141 2026 1231 2053 eum
1251 2015 1472 2065 interrogat
1501 2014 1550 2054 de

121 2066 254 2107 indole
275 2067 582 2108 adolescentium
599 2068 753 2109 scholas
771 2071 855 2109 eius
876 2069 1222 2121 frequentantium.
1254 2070 1404 2110 Laudat
1420 2071 1550 2111 Theo-

122 2123 243 2164 dorus
256 2136 351 2176 prae
368 2126 510 2164 ceteris
531 2125 714 2165 omnibus
732 2125 990 2166 Theaetetum
1005 2126 1306 2172 Atheniensem;
1330 2140 1420 2167 eum
1444 2129 1549 2167 enim

123 2192 209 2220 esse
237 2181 384 2232 optime
413 2186 610 2221 moratum
639 2182 886 2233 similemque
914 2182 1067 2222 Socrati
1088 2184 1168 2222 oris
1197 2183 1336 2224 forma.
1385 2184 1548 2223 Interim

121 2237 207 2288 ipse
226 2237 349 2276 intrat
369 2237 605 2278 Theaetetus
627 2244 666 2277 et
686 2251 707 2277 a
728 2239 940 2278 Theodoro
970 2245 1009 2279 et
1030 2240 1194 2279 Socrate
1214 2241 1399 2280 invitatus
1418 2241 1466 2281 iis
1488 2253 1549 2280 as-

123 2292 236 2332 sidet.
268 2293 366 2333 Eum
384 2301 576 2344 protenus
594 2295 777 2335 Socrates
792 2294 962 2348 appellat
978 2301 1094 2348 atque
1110 2297 1320 2337 Theodoro
1337 2297 1386 2336 de
1402 2299 1548 2337 utrius-

122 2361 199 2401 que
228 2349 354 2389 forma
383 2350 589 2396 iudicanti,
628 2364 718 2391 cum
747 2353 832 2392 eius
860 2353 919 2392 rei
946 2365 1028 2392 non
1056 2354 1106 2392 sit
1133 2354 1305 2405 perituS‚
1336 2354 1431 2393 nihil
1462 2366 1549 2394 esse

120 2405 374 2446 tribuendum
396 2406 501 2446 dicit.
536 2407 614 2447 Sed
635 2408 838 2448 Theaeteti
858 2410 1021 2449 virtutes
1049 2410 1169 2449 animi
1190 2411 1376 2462 quoniam
1397 2412 1548 2462 magni-

119 2461 194 2501 fice
214 2461 409 2502 laudasset
429 2463 681 2511 Theodorus,
703 2464 778 2504 sibi
800 2466 959 2515 quidem
981 2467 1193 2507 convenire
1222 2466 1422 2507 laudatum
1451 2479 1546 2507 con-

120 2518 316 2565 siderare,
338 2518 495 2560 laudato
517 2527 646 2560 autem
668 2534 710 2561 se
731 2521 924 2572 praehere
946 2522 993 2562 ad
1012 2523 1345 2564 considerandum
1358 2523 1399 2575 ⁶).
1434 2522 1546 2569 Quod

212 2684 246 2773 13
272 2687 428 2739 Theaet.
454 2699 489 2731 p.
516 2690 617 2723 1420
641 2690 780 2723 Phaed.
804 2691 894 2724 590.
988 2691 1022 2733 2)
1049 2692 1146 2726 Geli.
1170 2697 1269 2726 noct.
1296 2693 1374 2725 Att.
1400 2692 1468 2725 VII
1490 2694 1544 2726 10.

211 2733 232 2764 3
271 2733 379 2776 Diog.
403 2734 587 2768 Laert.11
612 2736 687 2768 106.
757 2735 794 2778 4)
820 2736 1003 2770 Socherus
1026 2748 1061 2780 p.
1083 2739 1162 2780 250,
1189 2737 1473 2779 Stallbaumius,
1501 2737 1547 2770 de

122 2784 198 2828 arg:
223 2786 260 2818 p.
281 2778 341 2819 15,
367 2779 457 2821 prol.
484 2790 518 2822 p.
537 2781 575 2821 9,
602 2780 844 2814 Susemihlius
868 2793 903 2824 p.
924 2784 1000 2816 177.
1094 2782 1129 2824 5)
1155 2784 1389 2816 Hermannus
1414 2793 1448 2825 p.
1465 2784 1545 2822 492,

62 2869 65 2872 Α
121 2821 354 2855 Stemhartus
378 2835 413 2866 p.
440 2826 501 2865 27,
539 2825 779 2860 Susemihlius
811 2838 846 2870 p.
874 2829 956 2869 177,
994 2827 1174 2870 Zellerus,
1206 2829 1277 2861 Die
1308 2827 1547 2871 Philosophie

119 2866 184 2900 der
209 2866 392 2902 Griechen
415 2869 452 2902 ΙΙ
477 2881 511 2912 p.
540 2872 606 2904 298
629 2874 704 2906 not.
730 2873 760 2906 1.
854 2872 890 2915 6)
919 2883 948 2906 e.
972 2873 1021 2906 11.

1227 2928 1266 2962 1*
