1748 2944
704 94 1004 129 ΘΕΑΙΤΗΤΟΣ.
1483 93 1564 135 129

142 220 262 272 κίας,
290 217 337 259 τί
355 231 402 258 τε
426 210 635 269 εκάτερον
659 209 815 257 αὐτοῖν
833 212 907 256 καὶ
925 214 973 256 τί
991 212 1080 256 τῶν
1104 208 1283 256 πάντων
1309 207 1336 268 ἢ
1359 208 1564 268 ἀλλήλων
1591 223 1656 254 175

146 283 432 341 διαφέρετον,
457 277 486 338 ἢ
512 282 559 325 ἐκ
582 281 663 325 τοῦ
687 283 729 325 εί
749 277 961 337 βασιλευς
985 275 1213 337 εὐδαίμων
1230 280 1497 337 κεκτημένος
1521 277 1559 324 τ’

143 344 201 396 αὖ
232 347 346 396 πολυ
377 352 590 408 χρυσίον,
620 352 849 405 βασιλείας
886 348 986 406 πέρι
1024 348 1099 392 καὶ
1130 342 1422 405 ἀνθρωπίνης
1452 344 1566 400 ολως

144 416 427 477 εὐδαιμονίας
453 417 525 462 καὶ
549 414 808 473 ἀθλιότητος
828 416 899 461 ἐπὶ
919 416 1093 473 σκέψιν,
1119 419 1232 460 ποίω
1250 416 1301 460 τέ
1319 433 1414 461 τινε
1439 413 1565 461 ἐστὸν

110 506 126 531 5
145 488 219 533 καὶ
242 490 342 533 τίνα
364 483 530 544 τρόπον
553 481 800 543 ἀνθρώπου
825 481 961 542 φύσει
987 481 1201 541 προσήκει
1225 482 1274 528 τὸ
1299 483 1382 541 μὲν
1405 480 1565 541 κτήσα-

145 563 253 602 σθαι
278 552 449 610 αὐτοῖν,
473 551 522 598 τὸ
547 553 596 597 δὲ
621 550 899 609 ἀποφυγεῖν,
927 578 984 582 -
1015 553 1118 611 περὶ
1150 549 1321 597 τούτων
1355 547 1567 597 ἁπάντων

143 620 251 669 ὅταν
275 615 332 668 αὖ
359 621 438 679 δέῃ
463 618 597 678 λόγον
622 619 797 665 διδόναι
820 618 898 665 τὸν
916 618 1102 678 σμικρὸν
1128 621 1300 665 ἐκεῖνον
1317 618 1399 678 τὴν
1418 619 1566 678 ψυχὴν
1591 630 1624 661 D

144 691 219 737 καὶ
244 688 408 749 δριμύν
432 690 505 734 καὶ
533 687 786 746 δικανικόν,
823 686 958 734 πάλιν
982 681 1039 733 αὖ
1071 687 1124 733 τὰ
1148 686 1422 746 ἀντίστροφα
1456 685 1567 733 ἄπο-

147 762 354 804 δίδωσιν·
382 761 584 815 ἰλιγγιῶν
607 774 654 802 τε
677 753 763 801 ἀπὸ
787 754 966 814 ὑψηλοῦ
989 756 1259 815 κρεμασθεὶς
1291 757 1365 801 καὶ
1389 759 1570 813 βλέπων

99 848 128 871 ιο
146 829 362 886 μετέωρος
386 825 568 871 ἄνωθεν
598 820 690 870 ὑπὸ
714 822 901 881 ἀηθείας
925 821 1166 882 ἀδημονῶν
1197 843 1245 868 τε
1278 825 1354 869 καὶ
1386 822 1570 882 ἀπορῶν

146 896 220 940 καὶ
253 897 534 953 βαρβαρίζων
567 894 736 950 γέλωτα
770 890 986 953 Θράτταις
1028 891 1111 950 μὲν
1152 889 1204 937 οὗ
1247 894 1427 951 παρέχει
1464 889 1564 937 οὐδ’

262 1029 282 1059 2
313 1023 348 1060 εἰ
375 1037 442 1060 om.
474 1025 596 1058 ΣΥΖΓ
620 1024 709 1059 Bkk
862 1021 896 1057 τ’
923 1015 972 1058 αὖ
1002 1025 1290 1067 circumscripsit
1318 1026 1436 1063 Hrm,
1466 1022 1571 1057 πάνυ

148 1073 332 1105 Heusdius
349 1082 383 1114 p.
400 1073 456 1104 42.
564 1065 600 1103 τ’
621 1060 670 1103 αὖ
691 1065 806 1113 πολὺ]
825 1064 1007 1112 πάμπολυ
1024 1071 1130 1103 Hselz.
1239 1072 1260 1103 3
1284 1065 1382 1103 πολυ
1409 1081 1478 1103 om
1498 1071 1570 1106 <MA

149 1118 227 1151 ΠΜ.
306 1116 459 1170 χρυσίον
476 1114 672 1170 βασιλείας
689 1115 840 1151 Q1AH¹⁰
859 1115 945 1147 Bklc.
956 1141 966 1157 ,
986 1114 1161 1181 29v650v3
1181 1111 1236 1154 εἰς
1253 1115 1452 1157 βασιλείας
1469 1125 1502 1151 5.

148 1165 170 1195 4
187 1158 247 1196 ε’πὶ
268 1159 404 1203 σκέψιν
421 1161 509 1195 Bklc
517 1155 750 1201 ,ἐπίσκεψιν
767 1161 852 1192 libii
871 1163 908 1192 et
925 1169 958 1196 ς.
1054 1163 1074 1193 5
1092 1171 1234 1212 τροπον
1251 1161 1374 1195 ς)[ΔΠ
1388 1162 1491 1202 ΗᾱΙὶ,
1509 1156 1568 1194 τύ

148 1218 222 1240 πον
239 1216 271 1243 ς.
356 1187 567 1248 κτήσεσθαι
583 1206 614 1240 Σ)[
625 1208 658 1238 Δ
668 1206 730 1255 HJ.
815 1205 837 1237 6
855 1201 1000 1238 τούτων
1017 1200 1199 1239 ἁπάντων
1216 1207 1245 1241 ⁵³1
1257 1207 1338 1239 ΔΠ
1351 1207 1454 1247 Bkk„
1473 1217 1569 1238 παν-

151 1264 224 1285 των
242 1263 383 1285 τουτων
399 1260 432 1287 5
548 1253 569 1283 9
594 1262 632 1283 τε
658 1246 728 1293 γὰρ
753 1244 828 1283 απὸ
847 1250 927 1292 Ξς,
951 1246 1023 1294 γάρ
1041 1262 1108 1283 om
1128 1251 1217 1283 Bklc.
1337 1254 1377 1284 10
1401 1231 1569 1293 ἄνωθεν,

151 1293 224 1331 ὑπὸ
244 1297 542 1329 Hemsterhusius
563 1296 608 1328 ad
625 1297 713 1328 Luc.
732 1296 820 1328 dial.
839 1307 926 1328 m:.2r
944 1296 1008 1329 IX.
1105 1298 1144 1328 11
1171 1295 1406 1338 βατταρίζων
1424 1298 1569 1329 Pierso-

153 1354 220 1375 nus
239 1343 283 1375 ad
302 1343 414 1374 Moer.
433 1352 466 1384 p.
487 1343 550 1374 197
574 1342 752 1383 probante
770 1342 812 1374 C.
831 1340 875 1376 G.
893 1340 1051 1382 Cobeto,
1075 1351 1248 1374 mnemos.
1267 1343 1320 1375 XI
1343 1353 1378 1384 p.
1397 1343 1479 1383 424,
1504 1353 1571 1375 κα-

153 1386 328 1432 ρηβαρῶν
345 1387 617 1421 Valckenarius
634 1386 732 1429 apud
748 1387 964 1419 Piersonum
981 1387 1003 1420 l.
1020 1386 1044 1418 l.

197 1502 218 1533 2
242 1498 277 1533 εἰ
303 1494 482 1543 βασιλεῦς
516 1493 724 1542 εὐδαίμων.
772 1499 828 1530 De

153 1556 277 1588 regum
301 1545 482 1577 felicitate
505 1544 739 1586 disceptandi
764 1545 827 1577 So-

155 1591 268 1623 cratis
325 1591 550 1632 temporibus
597 1590 827 1622 occasionem

153 1636 298 1669 dedisse
321 1636 467 1668 videtur
490 1634 688 1667 Archelaus
703 1634 827 1667 Mace—

153 1682 284 1714 doniae
314 1692 389 1713 rex.
437 1681 636 1722 Quaeritur
665 1680 760 1712 enim
788 1681 827 1711 in

155 1726 264 1769 Gorg.
285 1727 393 1759 4701)
418 1736 472 1768 sq.
493 1736 578 1757 num
601 1736 665 1758 rex
689 1725 751 1757 ille
775 1726 826 1757 in-

154 1772 375 1804 iustissimus
398 1771 490 1803 felix
513 1772 562 1803 sit
584 1771 776 1803 habendus
792 1774 828 1802 et

155 1817 386 1849 Antisthenis
409 1819 489 1848 erat
516 1816 611 1848 liber
633 1809 828 1858 Ἀρχέλαος

154 1854 178 1904 ἦ
201 1860 287 1904 περὶ
313 1860 519 1903 βασιλείας.
567 1861 674 1902 Diog.
692 1862 760 1893 La.
778 1861 829 1894 VI

200 1954 221 1984 3
251 1932 448 1996 βασιλείας
476 1946 563 1992 πέρι
585 1968 627 1971 -
651 1945 714 1982 ἐπὶ
743 1946 827 1983 σκέ-

155 2003 244 2049 ψιν.
287 1996 346 2029 Sic
376 2007 411 2038 p.
436 1995 537 2028 18113
566 1994 631 2037 τῆς
660 1991 829 2037 σκέψεως

156 2038 340 2094 κινήσεως
356 2039 453 2093 πὲρι.
487 2041 586 2072 Hor.

200 2089 221 2120 5
244 2081 480 2139 ἀνθρώπου
488 2079 617 2140 φύσει.
666 2084 771 2118 Conf.
796 2096 829 2127 p.

158 2133 259 2166 174ss
276 2132 316 2165 τί
331 2127 375 2164 δέ
392 2143 462 2164 ποτ
499 2125 601 2163 ἐστὶν
624 2122 829 2180 ανθρωπος

156 2176 222 2211 καὶ
234 2176 277 2211 τί
289 2176 334 2220 τῇ
346 2172 518 2226 τοιαύτῃ
521 2169 635 2217 φύσει
648 2170 832 2227 προσήκει

157 2217 347 2274 διάφορον
378 2221 453 2255 τῶν
493 2213 615 2253 αλλων
646 2223 774 2254 ποιεῖν
806 2232 827 2263 η

156 2278 340 2320 πασχειν.,
365 2267 450 2300 S'rss.

201 2314 223 2345 8
246 2324 292 2346 τα
316 2307 551 2355 ἀντίστροφα
579 2304 829 2352 ἀποδίδωσιν,

159 2358 351 2390 similem
375 2367 561 2400 poenam
582 2355 743 2387 reddit.
767 2356 829 2388 Ri-

158 2414 235 2436 sum
255 2404 351 2435 enim
373 2405 494 2435 movet
517 2401 683 2433 omnibus
702 2401 830 2433 harum

157 2459 277 2481 rerum
307 2448 451 2490 peritis,
490 2450 532 2478 ut
568 2445 772 2488 philosophi
808 2457 830 2478 a

158 2493 267 2543 vulgo
286 2493 461 2525 ridentur.
486 2491 640 2524 Phaedr
660 2491 762 2524 2370
782 2485 830 2529 ὥς

158 2529 229 2571 οὖν
242 2533 386 2576 εἰδότες
401 2548 446 2570 ου
459 2531 807 2587 διομολογοῦνται’
790 2547 830 2569 εν

158 2577 264 2637 ἀρχῇ
278 2582 344 2627 τῆς
364 2580 557 2635 σκέψεως,
575 2577 834 2632 προελθόντες

160 2625 203 2660 δὲ
226 2624 269 2660 τὸ
295 2623 398 2666 εἰκὸς
423 2622 699 2667 αποδιδόασιν,
717 2627 780 2659 ubi
798 2637 832 2659 v.

161 2671 435 2706 Stallbaumius.

205 2719 227 2750 9
244 2713 413 2760 ἰλιγγιῶν
430 2728 470 2751 τε
487 2717 702 2760 epexegesis
723 2727 835 2749 causa

158 2761 340 2803 additum,
389 2773 499 2805 quare
546 2766 649 2794 caret
687 2763 835 2794 coniun-

159 2808 292 2840 ctione.
324 2807 382 2839 Cf.
401 2808 448 2840 ad
466 2819 500 2850 p.
521 2808 631 2841 143A.

228 2874 333 2896 PLA'r.
359 2873 516 2896 TREAET.

944 1493 1020 1531 ἀπὸ
1040 1496 1193 1542 ὑψηλοῦ
1213 1500 1458 1543 κρεμασθείς.
1486 1501 1572 1533 Phi-

897 1544 1072 1587 losophus
1111 1555 1193 1577 eum
1232 1555 1374 1578 sursum
1416 1546 1571 1579 devexe—

896 1595 967 1623 rat.

944 1637 982 1666 11
1008 1634 1258 1679 βαρβαρίζων.
1295 1640 1305 1656 ⁰
1316 1636 1403 1668 mihi
1427 1636 1574 1669 videtur

896 1680 991 1713 idem
1006 1691 1119 1723 prope
1129 1680 1224 1723 quod
1234 1679 1466 1723 βατταρίζων
1480 1683 1574 1714 illud

896 1735 1026 1758 sonare
1043 1752 1051 1766 ‚
1111 1726 1332 1758 hominem
1384 1727 1573 1760 obscure

897 1772 1250 1813 titubanterque
1270 1776 1312 1804 et
1330 1772 1573 1805 invenuste

897 1815 1157 1858 loquentem
1197 1827 1246 1848 ac
1281 1817 1468 1849 barbari
1508 1818 1574 1849 in-

897 1864 993 1893 star
1010 1861 1355 1896 balbutientem.
1382 1862 1574 1895 Servorum

899 1907 994 1938 enim
1018 1906 1184 1939 Athenas
1215 1917 1368 1948 peregre
1398 1907 1575 1940 adducto—

897 1961 976 1982 rum
1006 1951 1191 1993 proprium
1220 1961 1258 1983 es
1262 1956 1276 1983 t
1301 1951 1370 1983 hoe
1378 1950 1575 2004 βαρβαρί-

899 1996 988 2036 ζειν.
1005 1996 1084 2029 Alc.
1093 1997 1219 2028 112013
1236 1993 1273 2028 οἳ
1285 2007 1332 2028 τα
1349 1996 1428 2051 τῆς
1430 1993 1575 2035 πόλεως

899 2038 1082 2092 πράττειν
1112 2035 1400 2094 ἐπιχειροῦσιν
1407 2038 1462 2075 ἔτι
1478 2038 1577 2097 „triv

899 2080 1202 2129 ἀνδραποδώδη,
1234 2088 1352 2128 φαῖεν
1374 2098 1422 2119 αν
1445 2098 1488 2119 αι
1512 2098 1576 2130 γυ-

900 2134 1043 2183 ναῖκες,
1062 2130 1172 2173 τρίχα
1187 2112 1374 2182 ἔμπες’
1356 2142 1398 2164 εν
1411 2131 1575 2184 τηψυχῇ

898 2170 966 2208 ὑπ’
995 2171 1184 2230 ἀμουσίας
1206 2175 1270 2209 καὶ
1301 2187 1407 2210 ουπω
1437 2176 1577 2220 αποβε-

898 2216 1098 2276 βληκότες,
1125 2218 1180 2254 ε’τι
1202 2217 1247 2254 δε
1278 2220 1576 2275 βαρβαρίζοντες

899 2261 1111 2319 ἐληλύθασι
1123 2265 1419 2306 κολακεύσοντες
1428 2263 1497 2310 τὴν
1509 2262 1574 2301 πό-

900 2312 970 2353 λιν,
990 2322 1060 2345 ουκ
1073 2305 1270 2364 αρξοντες,
1288 2312 1446 2355 indeque
1460 2312 1578 2346 παιδ-

900 2355 1040 2400 αγωγοὶ
1073 2357 1127 2389 ini
1143 2353 1514 2401 ὑποβαρβαρίζοντες
1537 2359 1576 2390 in

899 2403 986 2444 Lys.
1004 2414 1039 2445 p.
1056 2402 1173 2435 223A.
1215 2403 1356 2436 Servile
1381 2406 1506 2436 autem
1523 2404 1576 2435 in-

899 2448 1044 2489 genium
1070 2451 1108 2480 et
1137 2458 1196 2480 sel
1201 2448 1291 2480 viles
1319 2459 1440 2481 mores
1468 2449 1578 2481 istius

899 2492 996 2526 modi
1012 2493 1148 2526 homini
1167 2504 1188 2525 a
1207 2493 1440 2536 philosophia
1457 2493 1576 2526 alieno

898 2549 964 2580 per
986 2542 1103 2571 totam
1131 2538 1209 2570 fere
1234 2538 1330 2570 hane
1358 2539 1577 2581 disputatio-

902 2593 984 2615 nem
996 2594 1018 2615 a
1033 2583 1185 2616 Socrate
1203 2584 1440 2616 tribuuntur.7
1459 2585 1577 2615 Hum-

902 2638 1080 2663 nonmus.
1111 2628 1226 2661 Recte
1241 2629 1488 2661 Buttmannus
1505 2639 1577 2659 ma-

903 2673 1077 2706 nifestum
1092 2684 1172 2706 esse
1186 2674 1276 2705 dicit
1289 2674 1445 2705 nominis
1460 2667 1578 2716 Θρᾴτ-

903 2729 988 2756 ταις
1020 2718 1067 2750 ad
1099 2717 1341 2761 βαρβαρίζειν
1374 2723 1575 2760 respectus.

904 2763 1101 2796 Barbare
1157 2763 1310 2805 loquens
1363 2763 1576 2794 Thressis

903 2819 992 2840 sane
1009 2809 1119 2841 risum
1138 2819 1209 2840 non
1227 2811 1358 2840 movet.

1283 2867 1302 2896 ‘.›
