1748 2950
592 105 663 147 AD
693 103 1018 147 SOPHISTAM.
1425 107 1484 148 29

126 220 256 260 oratio
297 220 384 258 sine
423 219 602 258 idearum
647 214 916 269 co'puln'tion'e.
975 217 1195 256 Praeterea
1231 229 1327 259 vero
1359 221 1481 260 etiam

127 276 179 315 de
210 277 392 314 oratione
429 289 534 314 nunc
571 275 649 313 alia
691 276 742 313 de
771 288 913 313 caussa
943 275 1215 324 quaerendum
1245 283 1319 315 est.
1378 278 1480 316 Nam

128 345 248 382 quum
278 327 328 371 τὸ
359 327 420 384 μὴ
450 327 504 371 ὅν
533 332 766 383 apparuerit
802 344 895 370 esse
924 344 1046 368 unum
1086 343 1135 368 ex
1163 334 1380 382 generibus
1413 345 1479 371 re-

125 389 244 439 liquis
287 401 361 438 per
402 388 531 425 omnia
573 388 821 438 dispersum,
869 400 972 425 nunc
1014 388 1274 437 exquisivisse
1314 390 1478 437 iuvabit,

123 457 219 484 num
265 457 356 482 cum
406 444 554 481 iudicio
596 448 638 481 et
682 445 863 481 oratione
912 444 1235 482 commisceatur.
1303 445 1402 484 Nam
1442 446 1479 484 si

124 513 215 540 cum
246 500 309 538 his
340 511 418 537 non
448 501 755 545 commiscetur,
797 500 928 537 omnia
955 513 1050 537 vera
1080 501 1160 538 sint
1188 514 1359 539 necesse
1389 505 1478 549 est;

121 557 187 595 sin
207 556 503 602 commiscetur,
534 560 576 593 et
598 556 788 593 iudicium
820 556 967 593 falsum
998 569 1090 594 esse
1122 559 1272 607 poterit
1303 563 1345 598 et
1375 558 1478 596 falsa

124 613 265 650 oratio.
322 611 412 649 Hoc
442 615 576 649 autem
608 612 642 650 si
672 616 758 658 est,
791 613 909 650 etiam
941 612 1074 650 fraudi
1105 619 1147 650 et
1178 614 1401 652 simulacris
1433 618 1477 653 et:

122 667 363 718 imaginibus
394 667 507 706 locus
538 680 756 706 concessus
788 670 878 706 erit.
939 668 1098 719 Quippe
1132 669 1211 707 huc
1242 683 1286 708 se
1303 671 1477 709 abdebat

122 728 240 763 autea
268 722 474 774 Sophista,
506 724 564 761 ita
593 728 749 771 tamen,
781 728 825 762 ut
853 723 993 762 falsam
1025 726 1254 774 opinionem
1286 731 1355 764 aut
1385 739 1476 764 ora-

121 781 273 818 tionem
311 792 404 818 esse
442 792 565 831 posse
606 781 764 818 omnino
801 785 991 830 negaret,
1029 786 1247 831 propterea
1284 783 1391 832 qnod
1421 782 1476 831 id,

123 836 227 886 quod
267 848 345 873 non
386 840 519 884 esset,
562 836 721 873 omuino
764 836 932 885 cogitari
981 837 1141 886 dicique
1188 850 1266 875 non
1316 839 1477 878 liceret.

122 891 238 930 Nunc
266 903 363 929 vero
393 892 496 930 hanc
525 892 687 941 quidem
718 893 946 956 opinionem
978 904 1146 942 prorsus
1168 894 1476 943 conf-Maximus,

122 948 321 998 siquidem
361 948 547 998 apparuit
586 942 635 986 τὸ
675 942 737 998 μὴ
780 942 831 987 ὄν
871 961 959 985 cum
991 959 1041 985 eo
1073 949 1177 997 quod
1213 955 1277 987 est
1309 951 1477 989 coniun-

123 1007 231 1043 ctum
261 1015 354 1041 esse
384 1009 504 1060 atque
532 1004 774 1054 copulatum.
833 1002 1032 1042 Fortasse
1068 1010 1200 1042 autem
1241 1006 1384 1055 aliquis
1414 1006 1475 1044 di-

119 1060 240 1107 xerit,
270 1054 319 1098 τὸ
350 1073 411 1110 μη
441 1055 493 1098 ὄν
524 1070 601 1096 11011
636 1071 759 1110 posse
780 1072 869 1096 cum
893 1060 1077 1097 clatione
1096 1061 1301 1111 etindicio
1325 1057 1473 1117 (ὃόξη)

121 1115 330 1165 coniungi,
370 1115 544 1164 ideoque
585 1115 889 1152 simulacrorum
927 1119 970 1153 et
1006 1117 1180 1154 vismum
1213 1118 1475 1168 effingendo-

118 1184 208 1210 rum
237 1177 364 1209 mtem
394 1171 540 1208 nullam
572 1171 1081 1221 repe1i1i.Qnamob1em
1113 1174 1282 1222 ριίηιιιιη
1314 1174 1476 1224 quidem

121 1226 213 1277 quid
257 1228 309 1264 sit
337 1226 526 1264 iudicium
559 1232 601 1263 et
632 1228 761 1264 oratio
793 1227 910 1265 nobis
943 1229 1273 1277 perscrutandum
1308 1234 1385 1278 cst,
1415 1231 1473 1269 vi-

121 1283 399 1348 dendumqum
431 1295 596 1332 ecquam
627 1295 672 1320 ea
704 1295 794 1320 cum
835 1288 1046 1321 non—ente
1089 1284 1262 1323 habeant
1291 1298 1474 1324 commu-

120 1339 301 1386 nionem3
334 1351 410 1388 quo
441 1343 660 1389 perspecto
693 1339 914 1376 falsitatem
944 1345 1066 1389 atque
1097 1340 1279 1378 fraudem
1298 1343 1475 1392 reperiri

122 1396 349 1433 exincemus
391 1406 436 1431 ac
467 1394 686 1443 sophistae
718 1394 893 1433 indolem
924 1400 1187 1447 naturamque
1218 1398 1472 1438 demonstra-

121 1451 262 1490 bimus.
295 1446 443 1503 (usque
476 1450 593 1502 alp.
626 1452 720 1489 261
754 1450 835 1500 Β).

232 1561 440 1601 vocabula
470 1574 603 1600 rerum
635 1574 723 1600 cum
763 1561 863 1600 ideis
895 1566 1016 1612 atque
1046 1562 1196 1600 litteris
1226 1562 1265 1599 in
1296 1574 1345 1600 eo
1375 1573 1474 1601 con-

119 1618 305 1665 veniunt,
342 1618 446 1668 quod
488 1618 679 1669 quaedam
719 1618 995 1656 tantummodo
1023 1619 1130 1656 inter
1161 1630 1252 1656 sese
1283 1619 1473 1669 coniungi

121 1678 166 1712 et
210 1674 392 1725 copulari
439 1675 489 1713 ad
529 1675 751 1712 orationem
792 1674 1044 1712 efficiendam
1086 1675 1301 1724 patiuntur.
1369 1674 1473 1713 Nam

120 1730 334 1767 concinunt
358 1731 633 1768 tautummodo
664 1742 733 1776 ea,
765 1743 866 1780 quae
897 1732 1108 1768 coniuncta
1141 1729 1287 1779 aliquid
1318 1730 1473 1780 signifi-

122 1789 238 1832 cant3
270 1797 370 1834 quae
399 1786 624 1836 significant
653 1785 775 1833 nihil,
806 1799 853 1824 ea
883 1799 962 1824 non
996 1787 1228 1825 concinunt.
1288 1785 1472 1824 Discerni

121 1853 217 1879 vero
264 1841 412 1891 duplex
458 1846 597 1892 potest
645 1854 773 1892 genus
819 1843 1115 1880 vocabulorum.
1182 1842 1284 1879 Nam
1327 1842 1471 1891 quibus

120 1897 319 1935 actionem
367 1898 575 1947 quamdam
621 1897 888 1944 declaramus,
950 1911 996 1935 ea
1053 1911 1239 1936 vocamus
1292 1897 1472 1948 ῥήματα

121 1954 207 1991 sive
253 1953 396 2000 verba,
444 1954 585 2002 quibus
632 1958 764 1991 autem
812 1953 1047 1992 denotamus
1099 1966 1169 1990 eos
1219 1954 1355 2003 ipsos,
1405 1954 1473 2003 qui

120 2012 266 2060 agunt,
307 2020 354 2046 ea
391 2010 549 2046 nomina
579 2013 671 2047 sunt
700 2010 784 2046 sive
817 2006 1028 2059 ὀνόματα.
1087 2009 1271 2058 Utraque
1300 2021 1472 2048 necesse

123 2069 188 2104 est
242 2065 350 2102 inter
394 2076 439 2102 se
491 2066 726 2114 iungantur,
777 2065 975 2114 siquidem
1025 2066 1154 2102 oratio
1205 2066 1357 2103 oritura
1404 2065 1471 2105 sit.

121 2121 283 2170 Quippe
311 2132 388 2158 nec
418 2120 516 2158 solis
548 2121 772 2158 nominibus
803 2133 877 2158 uec
906 2122 994 2158 unis
1024 2122 1157 2158 verbis
1178 2120 1358 2158 efficitur
1380 2133 1470 2159 ora-

120 2176 178 2214 tio
201 2171 392 2228 ·(λόγος).
451 2176 634 2214 Pertinet
664 2188 758 2213 vero
791 2178 950 2226 quaevis
974 2178 1102 2215 oratio
1127 2189 1289 2227 semper
1317 2178 1367 2215 ad
1397 2177 1471 2215 ali-

122 2231 228 2282 quid.
293 2231 395 2269 Nam
444 2233 543 2270 nihil
583 2233 617 2270 si
666 2232 702 2269 ei
743 2236 854 2270 esset
891 2233 1138 2280 subiectum,
1176 2245 1226 2270 ne
1266 2232 1471 2272 diceretur

120 2288 280 2337 quidem
322 2288 558 2337 quidquam,
609 2288 785 2338 ideoque
822 2288 1076 2327 nulla-{oret
1121 2290 1262 2326 oratio.
1331 2289 1471 2328 Veluti

121 2355 241 2393 quum
279 2343 447 2382 dicimus
494 2344 823 2382 Theaetetus
862 2345 1036 2393 sedet,
1076 2346 1209 2395 agitur
1238 2346 1290 2382 de
1320 2349 1390 2392 te,
1421 2344 1471 2383 ad

122 2411 240 2448 quem
271 2403 432 2449 spectat
462 2400 603 2445 oratio.
663 2399 798 2449 Atque
828 2399 914 2438 hoc
935 2400 1025 2451 ipso
1055 2401 1144 2439 loco
1171 2401 1298 2438 salsae
1319 2402 1470 2439 oratio-

120 2455 183 2492 nis
218 2466 360 2492 causae
399 2454 647 2506 deprehendi
685 2459 868 2505 possunt.
899 2477 907 2484 -
929 2455 972 2493 ‘F
976 2458 1050 2494 ieri
1090 2458 1194 2494 enim
1224 2461 1385 2507 potest,
1424 2460 1471 2495 ut:

121 2509 174 2547 de
208 2510 345 2559 valiquo
380 2511 530 2561 aliquid
569 2511 751 2550 dicentes
790 2515 859 2548 aut
894 2523 989 2550 vera
1029 2514 1280 2551 enuntiemus
1312 2517 1380 2550 aut
1411 2513 1470 2551 di-

119 2577 237 2603 versa
275 2566 324 2603 ab
361 2566 409 2604 iis
451 2579 552 2617 quae
592 2571 686 2605 sunt
725 2566 994 2616 proferamus.
1054 2568 1112 2606 Ut
1151 2582 1270 2619 quum
1302 2568 1472 2607 dicimus

122 2620 448 2662 Theaetetus
486 2623 646 2663 volat.
713 2621 834 2662 Falsa
870 2622 995 2674 igitur
1038 2637 1159 2675 quum
1199 2625 1358 2664 diversa
1393 2625 1474 2663 siut
