1748 2950
369 161 425 202 82
829 160 1041 204 PROLEG
1048 162 1239 203 ΟΜΕΝΛ

370 285 450 313 non
477 273 591 312 aliam
632 271 683 310 ob
712 283 888 319 causam,
926 284 1040 322 quam
1081 274 1185 323 qnod
1223 275 1272 313 de
1301 273 1569 314 mandem-nm
1607 286 1697 325 gra·

370 330 531 367 vissimo
555 328 700 379 placito
720 329 934 378 suscipitur
959 329 1188 378 disputatio.
1238 331 1573 379 Quemadmodum
1594 330 1698 367 entim

370 383 624 423 Parmenides
654 387 696 420 et
712 383 900 420 'l'imaeus
929 384 969 421 iu
999 385 1294 433 cognominibus
1325 387 1511 436 operibus
1529 386 1721 433 loquens

368 443 430 478 tes
462 440 710 483 inducuntur,
741 439 829 486 quia
862 439 900 475 in
930 438 1056 476 altero
1087 451 1212 489 opere
1235 440 1472 488 Eleatarum,
1502 442 1540 478 in
1571 439 1697 477 altero

370 493 735 544 Pythagor-aeorum
790 493 934 543 piacita
982 505 1071 531 cum
1124 496 1247 544 ipsius
1298 494 1473 533 Platonis
1520 494 1700 532 doctrina
1731 500 1734 502 '

373 549 667 599 elegantissime
707 548 988 593 conciliantur-3
1027 549 1080 586 ita
1109 550 1146 587 in
1178 548 1366 598 Sophista
1404 555 1587 600 putamus
1619 550 1696 586 ho-

370 605 515 642 minem
546 603 748 640 Eleaticae
777 604 996 653 sapientiae
1025 606 1148 641 sacris
1176 605 1381 653 initiatum,
1412 606 1489 642 hoc
1520 608 1583 643 est
1609 603 1698 641 Me-

369 661 526 709 garicae
557 659 708 708 pariter
746 663 864 706 atque
894 658 1098 696 Eleaticae
1125 660 1327 697 doctrinae
1357 672 1519 711 gnarum
1557 664 1599 697 et
1627 671 1698 709 pe·-

369 715 513 759 ritum,
563 713 653 750 ideo
702 713 906 761 primarias
950 713 1172 751 disserendi
1212 719 1345 765 partes
1390 715 1562 761 habere,
1609 714 1699 762 quia

369 768 637 806 Eleaticorum
678 774 719 804 et
759 767 1051 816 Megaricorum
1094 770 1146 807 de
1176 776 1315 806 natura
1350 771 1551 820 cogitabili
1579 774 1698 817 atque

368 823 468 861 ideis
499 823 706 872 opiniones
736 822 790 859 ita
819 823 1094 872 explorantur,
1133 830 1177 862 ut
1206 825 1375 872 denique
1404 825 1526 863 veluti
1554 829 1698 874 sponte

369 890 459 916 cum
497 877 699 915 Platonica
738 878 895 914 ratione
935 880 1188 918 concordent.
1256 880 1342 927 Quo
1382 880 1539 928 quidem
1579 880 1698 917 modo

368 933 481 971 Plato
521 934 609 983 ipse
648 943 724 968 non
763 933 932 970 obscure
971 933 1225 982 significavit,
1274 939 1416 982 quanta
1454 935 1558 972 inter
1587 945 1698 971 suam

369 989 590 1027 doctrinam
628 992 746 1035 atque.
784 986 1050 1025 Eleaticorum
1090 991 1282 1026 rationem
1323 990 1591 1027 intercederet
1628 1000 1698 1027 ne-

370 1044 572 1080 cessitudo
593 1046 710 1090 atque
731 1042 977 1080 coniunctio:
1002 1043 1079 1080 imo
1101 1045 1217 1082 etiam
1243 1044 1368 1093 palam
1390 1050 1431 1081 et
1449 1049 1587 1093 aperte
1605 1055 1697 1094 pro-

369 1098 502 1136 fessus
547 1101 609 1134 est
648 1109 692 1134 se
721 1097 768 1134 ab
799 1098 955 1134 illorum
987 1098 1144 1147 placitis
1174 1100 1440 1137 examinandis
1471 1099 1697 1150 profectum

370 1153 539 1200 denique
575 1151 621 1188 ad
663 1163 771 1189 suam
808 1153 1012 1190 doetrinae
1058 1154 1250 1191 rationem
1297 1154 1516 1192 devenisse.
1582 1153 1698 1201 Quod

368 1207 554 1259 profecto
594 1207 734 1244 mirum
773 1212 837 1244 est
866 1220 915 1244 nc
944 1219 965 1244 a
995 1208 1232 1246 doctissimis
1270 1210 1429 1258 quidem
1460 1209 1698 1256 hominibus,

369 1263 542 1308 Astio,
581 1262 839 1308 Socliero,
881 1262 1245 1310 l’rinsterero,
1281 1264 1388 1311 aliis,
1419 1275 1699 1313 usquequaque

371 1331 462 1355 esse
504 1323 783 1367 perspectum,
823 1329 871 1354 ex
914 1317 1053 1365 quibus
1083 1319 1343 1357 Socherus
1372 1319 1471 1357 adeo
1502 1320 1579 1357 hoc
1609 1321 1699 1369 ipso

369 1376 603 1422 argumento
642 1383 736 1409 usus
777 1378 862 1417 est,
899 1377 943 1409 ut
980 1372 1234 1423 Soplnistam,
1273 1374 1485 1412 Politicum
1523 1379 1566 1412 et
1602 1375 1698 1412 Par-

369 1427 567 1466 meniden]
611 1438 687 1463 non
717 1439 738 1463 a
769 1427 935 1465 Platone
965 1428 1034 1465 sed
1066 1428 1305 1479 philosopho
1333 1430 1464 1478 aliquo
1492 1429 1699 1479 Megarico

369 1484 561 1532 scriptum
594 1494 685 1519 esse
715 1483 932 1522 evinceret.
992 1483 1185 1522 Nimirum
1225 1485 1322 1521 vidit
1360 1485 1429 1522 ille
1459 1486 1594 1533 utique
1626 1485 1697 1522 ali-

369 1539 476 1585 qnid,
508 1537 619 1585 qnod-
640 1536 884 1585 Megaricum
914 1538 1131 1583 redoleret,
1162 1538 1232 1576 sed
1263 1551 1363 1587 quac
1393 1541 1479 1577 eiua
1504 1540 1563 1577 rei
1580 1550 1698 1578 causa

370 1598 500 1639 esset,
531 1605 606 1630 non
637 1593 747 1629 vidit.
808 1593 904 1629 Cum
941 1593 1065 1642 igitur
1101 1593 1272 1644 hospitis
1305 1594 1471 1632 Eleatici
1507 1594 1697 1633 adventus

369 1660 415 1685 ex
447 1660 514 1692 ea,
554 1658 667 1694 quam
707 1645 894 1693 diximus,
935 1658 1074 1684 caussa
1103 1648 1344 1698 repetendus
1375 1650 1449 1695 sit,
1479 1649 1554 1687 iam
1584 1649 1696 1687 sacil-

365 1701 460 1740 lime
501 1702 618 1738 etiam
659 1701 753 1738 illud
794 1702 946 1751 poterit
982 1702 1169 1752 intelligi,
1208 1702 1258 1739 de
1296 1714 1374 1752 quo
1403 1705 1497 1742 item
1529 1704 1697 1743 multum

369 1762 432 1794 est
462 1757 693 1802 dubitatum,
725 1768 794 1792 cur
824 1757 1021 1806 ingenium
1045 1757 1214 1798 hominis
1234 1762 1354 1806 atque
1374 1770 1505 1796 mores
1536 1760 1590 1797 ita
1623 1759 1699 1797 de-

366 1813 595 1861 signentur,
626 1810 681 1847 uti
714 1823 734 1847 a
767 1811 930 1849 Platone
958 1811 1105 1849 factum
1136 1813 1326 1851 videmus.
1382 1812 1566 1864 Fi‘ngitur
1593 1814 1698 1853 enim

365 1867 435 1905 ille
484 1878 559 1904 non
610 1866 883 1903 contentiosus
929 1879 975 1904 ac
1007 1867 1230 1917 litigiosus,
1278 1867 1415 1916 quales
1465 1867 1697 1919 plerumque

365 1922 614 1960 habebantur
644 1922 708 1968 qui
740 1921 1033 1971 Megaricorum
1066 1923 1147 1959 sive
1166 1923 1430 1962 Eristicorum
1461 1923 1695 1975 discipliuae

366 1977 492 2028 dediti
522 1981 677 2021 essent3
710 1987 838 2024 neque
868 1982 930 2014 est
960 1977 1179 2015 obstinatus
1209 1978 1463 2016 decretorum
1492 1978 1697 2018 Eleaticu-

366 2044 451 2069 rnm
490 2031 680 2069 defensor
719 2044 764 2069 ac
803 2036 1015 2082 patronus,
1065 2034 1131 2081 qni
1177 2035 1327 2083 argutis
1367 2033 1695 2073 conclusiunculis

366 2099 458 2125 suas
497 2087 704 2137 opiniones
742 2088 878 2135 quovis
928 2087 1046 2125 modo
1095 2092 1253 2126 tueatur
1287 2089 1454 2137 aliisque
1491 2089 1695 2127 inutilibus

365 2143 476 2180 tricis
508 2141 711 2179 nectendis
740 2143 942 2191 negotium
974 2142 1167 2190 sacessat;
1196 2143 1266 2180 sed
1291 2144 1422 2193 potius
1441 2144 1586 2182 dicitur
1605 2156 1696 2183 csse

366 2198 488 2244 lenis,
522 2202 774 2244 mansuetus,
813 2197 982 2245 «lenique
1013 2197 1060 2234 ad
1091 2199 1370 2245 exquirendum
1399 2211 1532 2236 verum
1562 2211 1694 2251 prom-

365 2257 430 2289 tus
470 2257 719 2303 paratusque.
776 2251 925 2289 Verum
970 2264 1200 2301 quamquam
1241 2253 1309 2291 tali
1339 2259 1402 2292 est
1428 2254 1695 2304 ingenio,'la-'

364 2320 454 2345 men
504 2313 667 2345 eatenus
710 2311 821 2343 certo
864 2307 979 2357 plane
1024 2313 1087 2344 est
1138 2308 1335 2346 Eleaticus
1376 2314 1417 2346 et
1453 2304 1694 2360 Megaricus,

365 2367 559 2410 qnatenus
601 2362 783 2398 usitatam
824 2361 940 2400 huius
981 2362 1154 2400 familiae
1184 2363 1404 2402 disserendi
1433 2363 1531 2402 viam
1561 2368 1603 2401 et
1631 2377 1692 2402 ra·

364 2419 512 2455 tionem
545 2422 669 2455 tenet.
728 2416 863 2465 ltaque
903 2419 940 2455 in
977 2431 1022 2455 ea
1059 2424 1170 2469 parte
1201 2419 1310 2464 libri,
1350 2416 1387 2456 iu
1425 2428 1499 2466 qua
1537 2419 1588 2456 dc
1618 2418 1692 2457 So·

365 2473 523 2523 pluistae
562 2476 697 2509 natura
733 2471 988 2519 disquiritur,
1043 2475 1242 2522 ingentem
1283 2472 1472 2521 «litandam
1511 2474 1694 2524 congerit

366 2529 517 2577 copiam
560 2532 758 2564 acutarum
798 2527 1051 2574 divisionum,
1101 2528 1241 2576 quibus
1275 2541 1422 2578 genera
1458 2541 1619 2579 semper
1652 2529 1692 2567 in

366 2582 474 2620 binas
517 2587 650 2631 partes
689 2582 972 2629 dil'limluntur,
1012 2595 1135 2632 usquc
1173 2583 1263 2621 dum
1293 2583 1340 2620 ad
1371 2595 1456 2620 cam
1488 2585 1690 2622 notionem

362 2642 595 2688 perventum
627 2642 710 2684 est,
749 2638 811 2674 cui
842 2637 1040 2689 Sophista·
1063 2639 1264 2677 subiectus
1294 2649 1386 2676 csse
1415 2637 1612 2677 videatur:
1649 2639 1689 2678 in
