1716 2964
687 131 1072 168 PROLEGOMENA.
1569 127 1598 171 5

172 263 259 292 esse
280 260 519 290 mensuram.
560 247 688 288 Homo
711 246 813 286 enim
839 247 871 285 si
893 256 1031 285 revera
1054 249 1114 284 est
1132 255 1318 283 mensura
1347 255 1502 288 rerum,
1530 254 1595 282 res

171 313 262 348 sunt
296 307 411 352 tales,
443 303 577 357 quales
613 304 765 343 homini
805 306 1010 355 apparent.
1060 300 1269 353 Perceptio
1305 306 1436 340 autem
1470 301 1503 339 si
1538 305 1597 340 est

171 366 355 410 scientia,
386 362 559 402 refertur
586 360 634 400 ad
663 359 721 406 id,
751 359 856 411 quod
888 365 947 398 est
974 363 1092 410 atque
1119 356 1268 396 idcirco
1295 369 1362 397 res
1382 355 1480 396 tales
1509 367 1597 396 esse

171 420 313 474 liquet,
336 417 470 473 quales
490 417 776 469 percipiuntur.
816 415 897 455 lam
926 427 1020 454 vero
1048 425 1242 466 apparere
1271 419 1310 453 et
1337 414 1492 465 percipi
1520 411 1599 452 sibi

172 476 423 530 respondent.
456 474 627 526 Utraque
646 473 768 524 igitur
788 473 982 512 sententia
1011 483 1076 511 res
1104 482 1184 510 non
1213 475 1305 510 sunt
1332 482 1405 522 per
1432 482 1498 518 se,
1527 468 1598 509 sed

173 546 220 574 ex
242 533 410 573 hominis
431 542 550 570 sensu
571 527 798 582 pendent¹)‚

284 587 395 635 Quod
417 588 673 627 confirmatur
695 586 822 625 causis
854 597 901 625 ex
926 585 1118 624 interiore
1147 583 1389 634 Protagorae
1418 583 1599 622 doctrina

171 646 370 697 repetitis,
399 656 474 696 qua
503 649 669 694 negatur
699 654 770 694 per
799 654 841 681 se
870 642 1082 694 quidquam
1110 652 1198 680 esse
1228 652 1350 679 unum
1378 645 1418 679 et
1444 638 1511 678 ulli
1540 639 1600 678 rei

171 701 314 754 aliquid
338 706 445 740 recte
467 711 581 751 posse
603 699 784 743 attribui,
815 699 883 738 sed
911 698 1043 738 omnia
1069 697 1234 737 docetur
1264 709 1364 748 quae
1393 709 1481 736 esse
1503 695 1598 735 dici-

171 769 260 798 mus
281 771 327 798 ex
350 762 483 796 mutua
504 768 640 795 rerum
663 756 850 795 mixtione
880 761 919 795 et
948 754 1123 794 motione
1152 754 1281 799 nasci,
1313 754 1367 793 ita
1396 758 1440 793 ut
1467 752 1600 792 omnia

171 826 250 854 non
273 826 376 860 esse,
399 813 469 852 sed
490 813 576 852 fieri
598 812 806 851 dicendum
834 812 893 850 sit.
937 810 1085 850 Eadem
1115 809 1294 850 docuisse
1322 815 1483 862 praeter
1504 809 1600 849 Par-

172 871 368 910 meniden]
391 881 528 909 omnes
554 870 637 908 fere
658 867 929 919 philosophos,
951 867 1223 918 Protagoram,
1245 865 1486 906 Heraclitum
1508 865 1600 904 Em-

172 926 456 980 pedoclemque
478 937 606 978 neque
626 926 756 964 minus
775 928 982 976 poetarum
1004 935 1193 969 summoS,
1218 922 1433 962 Homerum
1452 927 1490 961 et
1510 921 1601 974 Epi-

174 984 378 1023 charmum
390 981 432 1035 ²).

285 1039 392 1078 Motu
414 1039 545 1077 omnia
566 1038 652 1077 fieri
682 1042 718 1076 et
740 1038 984 1081 conservari,
1008 1036 1139 1086 quiete
1156 1041 1285 1075 autem
1310 1036 1474 1075 interire
1498 1035 1601 1074 mul-

173 1097 220 1135 tis
247 1096 425 1134 firmatur
454 1095 708 1146 argumentis.
760 1094 936 1133 Primum
966 1093 1070 1132 enim
1100 1098 1232 1132 motus
1260 1099 1350 1132 sunt
1378 1092 1535 1143 agitatio
1565 1097 1603 1130 et

172 1152 345 1197 fricatio,
376 1151 519 1203 quibus
545 1152 645 1190 fiunt
674 1150 779 1189 calor
809 1155 848 1190 et
867 1150 988 1200 ignis;
1018 1149 1079 1188 his
1102 1155 1232 1188 autem
1257 1161 1344 1188 cum
1367 1149 1498 1188 omnia
1529 1147 1603 1188 alia

175 1210 391 1259 gignuntur
414 1214 453 1247 et
473 1212 778 1252 conservantur,
801 1213 881 1246 tum
905 1205 1100 1245 animalia.
1153 1205 1301 1245 Deinde
1324 1211 1362 1244 et
1384 1205 1543 1256 corpori
1565 1210 1604 1244 et

175 1266 305 1303 animo
326 1263 506 1304 salutaris
527 1269 585 1303 est
605 1265 725 1303 motio
749 1270 788 1302 et
809 1263 1056 1308 exercitatio,
1088 1263 1210 1302 otium
1234 1268 1364 1302 autem
1396 1268 1433 1301 et
1460 1262 1603 1301 inertia

175 1321 408 1372 perniciosa.
440 1321 567 1370 Atque
589 1321 702 1359 etiam
725 1320 764 1358 in
786 1331 919 1359 rerum
942 1323 1079 1358 natura
1103 1320 1232 1357 omnia
1251 1318 1414 1358 malacia
1437 1324 1475 1357 et
1496 1324 1603 1358 tran-

176 1376 364 1429 quillitate
384 1382 630 1428 putrescunt.
681 1376 857 1427 Denique
890 1375 984 1414 solis
1014 1380 1054 1414 et
1074 1376 1247 1414 universi
1280 1375 1448 1414 circuitu
1471 1375 1602 1414 omnia

175 1433 347 1472 humana
369 1439 486 1485 atque
507 1433 634 1471 divina
657 1438 747 1471 sunt
769 1438 807 1471 et
834 1436 1061 1476 servantur,
1092 1443 1193 1483 quae
1222 1433 1255 1470 si
1284 1431 1369 1471 fleri
1396 1437 1532 1483 posset
1562 1437 1606 1470 ut

175 1501 348 1541 unquam
369 1490 479 1540 quasi
501 1490 628 1528 vincta
650 1494 820 1533 starent,
845 1489 976 1527 omnia
1000 1485 1285 1539 corruerent3).

286 1545 421 1597 ltaque
457 1547 573 1584 etiam
608 1557 794 1584 sensuum
829 1545 1106 1596 perceptiones
1139 1550 1251 1584 motu
1285 1543 1456 1596 quodam
1490 1543 1603 1583 fiunt.

176 1600 293 1642 Color
315 1603 419 1641 enim
440 1613 512 1652 per
532 1614 575 1641 se
597 1606 655 1641 est
675 1600 806 1640 nullus
826 1613 957 1652 neque
979 1605 1088 1640 extra
1105 1600 1241 1640 oculos
1257 1613 1385 1652 neque
1406 1601 1445 1639 in
1466 1598 1603 1645 oculis,

172 1658 225 1697 ita
247 1663 292 1697 ut
311 1658 422 1697 locus
444 1659 478 1696 ei
497 1670 574 1697 non
591 1659 642 1697 sit
657 1657 902 1703 tribuendus,
920 1657 988 1698 sed
1012 1658 1139 1697 oritur
1154 1658 1283 1710 potius
1304 1670 1324 1696 e
1341 1657 1605 1696 concursione

174 1713 378 1754 oculorum
421 1715 722 1765 agitationisque
760 1715 807 1753 iis
845 1715 1115 1753 convenientis
1151 1715 1397 1754 extrinsecus
1432 1712 1602 1752 oblatae.

174 1769 303 1816 Quare
339 1782 454 1810 nemo
485 1771 785 1815 asseveraverit,
823 1770 948 1823 qualis
984 1769 1059 1810 sibi
1094 1775 1283 1822 appareat
1318 1769 1446 1814 color,
1483 1768 1604 1809 talem

176 1827 291 1867 etiarn
314 1828 402 1866 cani
423 1833 462 1866 et
490 1827 650 1866 cuilibet
680 1827 829 1866 bestiae
858 1839 1051 1878 apparere
1079 1826 1140 1866 vel
1170 1826 1234 1866 alii
1255 1826 1406 1866 homini
1431 1825 1491 1866 vel
1511 1825 1604 1865 sibi-

177 1888 257 1921 met
279 1883 353 1932 ipsi
373 1883 554 1923 omnibus
576 1883 832 1935 temporibus.
883 1883 1018 1935 Itaque
1040 1885 1201 1922 omnino
1223 1896 1298 1922 nec
1319 1895 1383 1922 res
1404 1882 1604 1922 subiectae

177 1937 358 1977 sensibus
378 1951 453 1977 nec
473 1951 610 1979 sensus
638 1941 713 1990 ipsi
733 1952 843 1979 suam
874 1945 1201 1991 constantemque
1231 1946 1414 1979 naturam
1442 1938 1602 1983 habent,

178 1993 351 2045 alioquin
374 2001 555 2046 expertes
579 2002 711 2034 essent
730 1997 959 2035 mutationis
982 2003 1020 2036 et
1041 1996 1331 2036 vicissitudinis.
1384 1995 1513 2035 Veluti
1535 2007 1604 2034 sex

177 2049 262 2098 tali,
286 2051 319 2088 si
341 2051 598 2090 conferuntur
620 2064 708 2090 cum
737 2058 922 2103 quatuor,
952 2051 1209 2104 sesquialtero
1238 2051 1375 2103 plures
1404 2058 1513 2096 sunt,
1543 2053 1606 2090 sin

177 2118 268 2145 vero
290 2119 377 2145 cum
401 2107 621 2153 duodecim,
646 2107 807 2147 dimidio
828 2109 1057 2159 panciores3
1080 2108 1185 2147 unde
1208 2108 1376 2148 efficitur
1399 2120 1449 2147 ne
1464 2120 1604 2147 nume-

177 2174 242 2202 ros
276 2163 453 2214 quidem,
490 2176 580 2203 curn
610 2165 689 2203 sint
716 2164 832 2203 modo
868 2165 1039 2204 maiores
1072 2165 1191 2204 modo
1226 2166 1418 2210 minores,
1446 2171 1604 2203 ⁴certam

177 2219 484 2269 magnitudinem
504 2220 665 2260 habere.
699 2220 805 2260 Haec
825 2222 997 2272 permira
1014 2233 1108 2260 sane
1127 2222 1310 2260 videntur
1331 2233 1417 2260 esse
1435 2227 1473 2261 et
1488 2219 1604 2273 plena

178 2275 416 2315 dubitatione
438 2282 555 2328 atque
578 2277 781 2323 Socrates,
807 2290 896 2316 cum
919 2289 997 2316 non
1020 2277 1283 2329 sophistarum
1308 2290 1419 2317 more
1440 2285 1602 2318 conten-

176 2333 292 2371 tionis
314 2332 493 2384 cupidior
513 2334 580 2379 sit,
604 2345 720 2386 quam
743 2335 933 2380 veritatis,
965 2346 1064 2385 quae
1088 2339 1224 2373 contra
1255 2335 1332 2373 dici
1353 2336 1506 2386 possint
1535 2347 1602 2373 ex-

175 2386 337 2439 ponit4).
391 2389 490 2429 Sunt
510 2396 640 2429 autem
661 2390 761 2429 haec
781 2391 875 2437 tria,
898 2392 1072 2442 primum
1101 2390 1196 2430 nihil
1219 2390 1280 2430 vel
1300 2392 1426 2431 maius
1448 2389 1507 2429 vel
1528 2392 1601 2430 mi-

176 2456 250 2484 nus
271 2445 355 2483 fieri
376 2457 512 2497 posse,
539 2446 724 2498 quamdiu
753 2447 858 2486 idem
879 2452 1054 2493 maneat,
1086 2447 1227 2487 deinde
1250 2448 1312 2486 cui
1341 2459 1414 2487 nec
1436 2447 1603 2487 addatur

176 2500 321 2552 aliquid
345 2513 417 2540 nec
439 2502 638 2548 dematur,
660 2503 700 2542 id
722 2515 849 2555 neque
870 2505 1007 2555 augeri
1027 2515 1155 2555 neque
1176 2505 1317 2549 minui,
1349 2503 1418 2544 sed
1439 2503 1602 2556 aequale

177 2569 332 2608 semper
354 2570 459 2602 esse,
483 2558 653 2611 denique
673 2559 779 2612 quod
801 2564 890 2599 ante
918 2572 997 2599 non
1018 2561 1156 2604 fuerit,
1187 2561 1226 2599 id
1254 2566 1391 2612 postea
1415 2572 1501 2600 esse
1522 2571 1603 2599 non

176 2625 291 2664 posse
312 2614 386 2652 nisi
407 2615 473 2654 fiat
505 2622 544 2655 et
564 2616 710 2655 sactum
739 2617 800 2655 sit.
846 2616 923 2656 Sed
944 2617 1042 2656 haec
1071 2618 1143 2655 tria
1172 2618 1255 2668 ipsa
1278 2617 1381 2656 inter
1411 2629 1453 2657 se
1482 2628 1601 2667 repu-

269 2758 303 2800 1)
328 2770 362 2802 p.
390 2761 667 2795 151D—1520.
767 2763 801 2802 2>
829 2772 858 2794 c.
884 2762 972 2795 VIII
997 2773 1031 2805 p.
1058 2761 1266 2796 1520—13.
1313 2772 1387 2795 van
1413 2760 1602 2794 Heusdius

176 2803 211 2836 II
235 2806 256 2837 3
281 2814 315 2846 p.
342 2807 406 2838 142
432 2816 485 2848 sq.
610 2806 647 2850 3)
672 2817 702 2840 e.
728 2807 780 2840 IX
806 2818 840 2850 p.
868 2807 1075 2841 153A—D.
1126 2808 1172 2840 cf.
1202 2817 1275 2841 van
1305 2807 1495 2839 Heusdius
1519 2807 1557 2840 Π
1581 2809 1602 2840 3

176 2860 211 2891 p.
240 2850 304 2882 144
329 2859 382 2892 sq.
474 2851 510 2892 4)
537 2862 568 2884 c.
595 2852 641 2884 X.
