1748 2950
518 161 590 203 AD
623 159 954 204 SOPHISTAM.
1360 161 1416 202 17

59 289 154 316 1111111
183 274 416 327 Sophistam
446 275 566 314 etiam
597 274 717 312 aliter
748 273 982 312 describere
1001 273 1216 326 possimus.
1275 273 1412 314 Habet

58 338 193 371 autem
224 328 489 383 ἀγωνιστική
521 343 647 382 genus
669 330 832 381 duplex,
861 326 1150 383 ἁμιλλητικόν
1169 334 1213 368 et
1231 344 1410 383 μαχητι-

58 385 152 428 κόν.
213 388 422 426 Posterius
461 389 640 426 cernitur
677 387 742 424 vel
782 387 820 424 in
861 388 1046 438 corporis
1085 387 1123 425 vi
1153 386 1289 426 vel-in
1320 398 1410 425 ora-

58 449 212 483 tionum
248 445 467 483 certamine
507 449 549 482 et
589 443 876 483 controversia.
934 443 1117 481 Alterum
1156 443 1259 491 hoc,
1302 443 1412 493 quod

58 495 392 554 ἀμφισβητικόν
430 512 642 546 vocemus,
683 504 752 537 aut
787 500 825 536 in
856 499 987 550 longis
1019 499 1266 538 orationibus
1296 500 1409 550 posi-

59 561 144 595 tum
181 559 265 603 est,
308 568 409 605 quac
446 555 638 593 adversus
679 555 898 593 contrarias
938 557 1140 593 orationes
1188 555 1239 593 de
1283 556 1408 594 rebus

57 613 174 650 iustis
206 616 248 650 et
277 612 434 650 iniustis
465 612 626 662 publice
655 611 876 658 habentur,
913 611 1086 661 ideoque
1117 616 1181 649 est
1209 610 1408 659 iudiciale,

57 662 300 713 δικανικόν,
329 672 398 706 aut
426 669 533 706 inter
563 668 744 705 homines
775 668 950 717 privatos
970 668 1099 705 locum
1117 667 1256 714 habe-t,
1287 681 1408 718 quum

57 725 97 763 in
129 729 338 774 utramque
370 730 525 774 partem
555 724 781 770 disseritur,
813 729 956 773 estque
984 718 1279 774 άιντιλογικόν.
1320 723 1407 761 Hu-

56 781 120 818 ius
148 780 275 830 ipsius
307 786 439 818 autem
473 785 612 831 partes
643 783 736 817 sunt
765 779 889 826 duae,
920 792 1086 830 quarum
1125 779 1276 826 altera,
1318 780 1409 830 quia

57 837 143 875 sine
173 836 314 874 ordine
344 841 387 874 et
418 837 503 874 sine
533 841 620 873 arte
649 836 720 882 fit,
759 836 919 872 nomine
951 840 1081 882 caret3
1124 836 1275 881 altera,
1306 848 1409 885 quae

56 904 106 931 ex
135 892 233 930 artis
263 892 413 941 regulis
444 892 494 930 de
522 892 642 929 rebus
671 892 788 929 iustis
819 895 861 928 et
889 892 1049 929 iniustis
1078 890 1295 941 disceptat,
1326 894 1408 942 ἐρι-

59 943 212 987 στικόν
239 948 447 998 appellare
477 948 769 994 consuevimus,
798 946 878 983 hoc
909 952 974 985 est
1003 951 1130 985 artem
1161 947 1407 997 disputandi.

58 1003 138 1041 lam
183 1016 279 1040 vero
318 998 369 1042 τὸ
410 999 631 1053 ἐριστικόν
667 1014 806 1041 rursus
846 1006 914 1040 aut
961 1003 1168 1053 nugatoria
1212 1015 1278 1041 ars
1329 1007 1406 1050 est,

57 1070 159 1109 quae
188 1071 273 1097 rem
305 1058 540 1097 familiarem
573 1058 742 1109 negligit
771 1070 817 1096 ac
848 1059 1096 1110 pessumdat,
1125 1063 1194 1097 aut
1226 1059 1407 1108 disputa-

55 1116 174 1163 toria,
206 1128 308 1165 quae
338 1127 385 1152 ex
416 1116 580 1166 privatis
611 1115 863 1153 sermonibus
896 1119 1104 1165 quaestum
1122 1114 1231 1153 facit.
1289 1114 1408 1152 Hunc

56 1182 153 1209 vero
199 1171 292 1209 dum
336 1172 565 1221 attigimus,
611 1183 708 1208 ecce
756 1183 896 1208 rursus
942 1172 1114 1222 emergit
1163 1170 1408 1210 admirabilis

55 1226 160 1276 iste,
191 1239 309 1278 quem
339 1228 587 1277 quaerimus,
618 1226 824 1278 sophista.
857 1225 923 1280 (P.
952 1227 1048 1265 226.
1078 1226 1162 1277 A.).

170 1337 298 1378 Vides
326 1338 462 1388 igitur,
493 1339 549 1376 ita
578 1338 644 1376 hic
673 1338 824 1390 hospes
843 1338 1010 1377 Eleates
1041 1338 1090 1376 ad
1121 1338 1408 1387 Theaetetum,

56 1394 195 1442 vides,
234 1395 375 1432 animal
417 1395 550 1442 istud,
594 1395 698 1445 quod
737 1407 949 1442 venamur,
995 1396 1208 1433 admodum
1258 1397 1408 1434 varium

58 1463 152 1489 esse
189 1463 235 1488 ac
273 1451 444 1498 mobile,
491 1455 535 1488 ut
575 1463 652 1488 non
693 1452 824 1502 possit
862 1452 1055 1489 alterutra
1097 1449 1251 1489 tantum
1291 1463 1408 1489 manu

57 1507 360 1558 comprehendi.
417 1507 528 1557 Ergo
561 1511 728 1557 utraque
754 1512 932 1558 oportet.
990 1507 1286 1557 Persequamur
1312 1519 1409 1545 vero

56 1563 155 1601 illud
184 1564 260 1601 alia
289 1564 362 1600 via.
422 1561 554 1600 Multa
585 1569 677 1601 sunt
706 1564 886 1610 nomina,
919 1575 1019 1612 quae
1050 1564 1196 1601 servile
1226 1564 1408 1602 ministe-

57 1619 159 1656 rium
191 1619 348 1669 aliquod
370 1618 594 1669 designant,
626 1619 748 1658 veluti
769 1630 888 1669 quum
909 1619 1076 1658 dicimus
1106 1619 1408 1670 percolare,

58 1676 381 1721 excribrare,
427 1686 671 1723 vannare,
735 1677 1055 1724 carminare,
1115 1676 1407 1723 deducere,

57 1735 302 1782 pectere,
341 1735 383 1769 et
421 1742 523 1781 quae
562 1737 655 1769 sunt
693 1730 732 1768 id
764 1743 890 1782 genus
921 1731 1007 1770 alia.
1067 1731 1179 1781 Quae
1207 1744 1305 1770 vero
1335 1744 1409 1771 uos

57 1788 476 1834 commemoravimus,
518 1800 564 1824 ea
605 1788 736 1825 omnia
775 1789 981 1838 pertinent
1010 1787 1057 1824 ad
1092 1792 1219 1825 artem
1251 1787 1410 1839 διαιρε-

57 1837 196 1890 τικήν,
227 1843 311 1879 sive
341 1842 609 1882 discernendi.
669 1843 774 1881 Hinc
803 1844 925 1893 igitur
947 1843 1213 1884 exordiamur.
1246 1843 1409 1881 Discer-

59 1898 179 1936 nendi
209 1898 308 1935 artis
339 1898 435 1935 duas
466 1899 624 1949 species
643 1910 810 1937 cernere
831 1900 942 1939 licet.
1000 1899 1278 1938 Discernimus
1305 1901 1410 1937 enim

59 1957 114 1992 et·
133 1954 249 2004 peius
280 1966 302 1991 a
325 1953 496 1991 meliore
535 1958 578 1992 et
608 1955 739 1992 simile
769 1967 791 1992 a
821 1956 956 1995 simili.
1014 1955 1113 1993 Illud
1155 1967 1274 2005 quum
1310 1956 1410 1993 faci—

58 2020 170 2056 mus,
199 2009 313 2059 peius
343 2009 560 2055 abiicimus,
594 2010 735 2048 melius
766 2022 987 2057 servamus3
1019 2013 1277 2061 quamobrem
1308 2011 1411 2050 lianc

59 2065 342 2105 discretionem
377 2070 489 2115 patet
510 2078 600 2103 esse
619 2067 898 2116 purgationem
916 2067 999 2105 sive
1022 2063 1265 2121 καθαρμόν
1286 2079 1411 2117 quen-

58 2121 164 2160 dam.
224 2121 302 2159 lam
332 2133 428 2159 vero
460 2123 707 2172 purgationis
739 2122 886 2173 duplex
916 2123 1114 2161 esti-atio.
1175 2122 1276 2160 Sunt
1305 2124 1410 2162 enim

59 2178 228 2228 primum
260 2189 473 2228 corporum
505 2179 787 2228 purgationes,
827 2190 978 2229 eaeque
1008 2179 1275 2230 multiplices:
1318 2192 1409 2230 par-

58 2233 133 2271 tim
169 2233 272 2270 euim
315 2238 407 2270 sunt
445 2234 691 2281 animalium,
741 2246 858 2284 quum
908 2234 971 2272 vel
1011 2235 1153 2273 sordes
1191 2235 1409 2274 interiores

0 2336 2 2344 γ
58 2290 332 2339 gymnasticae
371 2294 414 2327 et
454 2290 634 2327 medicae
673 2291 770 2328 artis
806 2303 885 2342 ope
915 2291 1150 2342 abiguntur,
1190 2292 1255 2329 vel
1295 2295 1410 2330 exte-

59 2345 189 2382 riores
220 2345 449 2382 balnearum
479 2356 554 2382 usu
583 2346 814 2393 abluuntur3
858 2347 1004 2397 partim
1037 2352 1129 2385 sunt
1159 2359 1295 2385 rerum
1327 2348 1410 2385 ina-

40 2400 311 2447 ›nimatarum,
343 2413 506 2450 quarum
539 2413 674 2440 curam
703 2401 855 2441 habent
877 2402 1054 2440 fullones
1084 2404 1230 2453 aliique
1261 2403 1299 2441 id
1336 2416 1407 2453 ge-

60 2467 134 2493 nus
163 2457 360 2494 homines.
422 2456 638 2495 Praeterea
678 2459 798 2495 etiam
836 2460 1056 2496 animorum
1087 2459 1279 2508 quaedam
1310 2471 1411 2509 pur-

61 2511 170 2560 gatio
200 2517 275 2557 est,
306 2525 412 2562 quae-
437 2513 581 2551 malum
612 2526 659 2550 ex
688 2514 737 2550 iis
756 2515 882 2561 eiicit,
909 2515 1052 2552 bonum
1073 2515 1268 2565 reliquum
1302 2516 1410 2553 facit.

62 2565 166 2604 Sunt
201 2572 331 2606 autem
364 2569 467 2606 duae
498 2570 617 2606 animi
651 2570 858 2620 pravilatis
889 2572 1069 2620 species,
1113 2584 1190 2609 una
1220 2584 1321 2619 quae
1352 2573 1411 2608 si-

62 2622 143 2659 cuti
182 2624 342 2662 morbus
387 2625 428 2663 in
465 2637 660 2676 corpore,
701 2626 827 2663 altera
870 2638 972 2674 quae
1011 2627 1131 2664 sicuti
1174 2627 1411 2664 deformitas

61 2677 102 2715 in
132 2688 181 2714 eo
212 2679 381 2722 exsistit.
441 2681 542 2719 Nam
575 2681 703 2719 morbi
732 2682 859 2720 instar
887 2683 927 2719 in
957 2682 1088 2720 animo
1126 2688 1192 2721 cst
1227 2683 1411 2733 volupta-

119 2753 206 2785 Plat.
234 2754 322 2796 opp.
348 2756 424 2788 Vol.
451 2757 540 2789 wll.
568 2758 662 2789 Sect.
689 2758 713 2788 l.
1059 2749 1085 2786 2
