1748 2944
685 99 982 134 ΘΕΑΙΤΗΤΟΣ.
1487 95 1542 139 87

121 218 304 277 λευκόν,
330 226 416 266 εἴτε
440 215 572 273 ξύλον
598 223 684 262 εἴτε
708 220 835 269 λίθος
867 222 956 261 εἴτε
979 210 1169 261 ὁτουοῦν
1201 214 1365 272 ξυνέβη
1397 215 1544 273 σχῆμα

120 289 380 349 χρωσθῆναι
419 290 480 347 τῷ
519 282 702 346 τοιούτῳ
744 282 953 344 χρώματι.
1017 283 1092 328 καὶ
1131 274 1268 327 τᾶλλα
1312 279 1366 339 δὴ
1408 280 1542 340 οὕτω,

123 354 316 415 σκληρὸν
339 356 412 400 καὶ
443 333 614 411 θερμὸν
646 352 718 397 καὶ
752 369 919 410 παντα,
955 349 1034 397 τὸν
1067 347 1203 396 αὐτὸν
1233 347 1398 410 τρόπον
1428 347 1543 395 ὑπο-

123 425 333 483 ληπτέον,
366 419 474 468 αὐτό
498 421 581 479 μὲν
605 417 712 466 καθ’
747 417 853 465 αὐτὸ
876 419 1018 478 μηδὲν
1043 417 1178 476 εἶναι,
1210 414 1235 463 ὃ
1260 417 1315 476 δὴ
1344 418 1418 463 καὶ
1443 415 1542 462 τότε

89 504 106 531 5
125 494 354 550 ἐλέγομεν,
380 492 428 535 ἐν
454 489 502 534 δὲ
525 491 580 548 τῇ
611 485 719 545 πρὸς
743 486 911 545 ἄλληλα
943 483 1093 547 ὁμιλίᾳ
1124 484 1269 532 πάντα
1301 490 1542 544 γίγνεσθαι
1567 492 1634 527 157

123 561 196 606 καὶ
219 569 407 605 παντοῖα
431 554 516 602 ἀπὸ
550 558 626 614 τῆς
650 553 888 614 κινήσεως,
923 556 1018 601 ἐπεὶ
1048 555 1122 600 καὶ
1154 552 1202 600 τὸ
1234 554 1393 600 ποιοῦν
1426 551 1548 598 εἷναί

123 647 164 673 τι
186 627 260 673 καὶ
283 624 331 672 τὸ
355 623 526 684 πάσχον
550 622 701 669 αὐτῶν
726 625 795 669 ἐπὶ
829 622 926 678 ἑνὸς
950 626 1133 681 νοῆσαι,
1172 621 1230 676 ὥς
1261 636 1424 680 φασιν,
1459 617 1543 667 οὐκ

125 694 236 741 εἶναι
260 698 441 752 παγίως
505 690 606 738 οὔτε
631 689 714 750 γὰρ
740 694 899 737 ποιοῦν
924 692 1021 737 ἐστί
1038 709 1103 749 τι,
1135 691 1245 750 πρὶν
1278 685 1335 735 ἂν
1366 690 1429 751 τῷ
1460 686 1542 734 πά-

122 779 272 821 σχοντι
296 763 514 820 ξυνέλθῃ,
543 777 646 806 ουτε
669 757 856 818 πάσχον,
882 760 989 816 πρὶν
1013 755 1069 804 ἂν
1092 760 1152 819 τῷ
1176 761 1396 804 ποιοῦντι
1421 754 1471 802 τό
1494 757 1545 802 τέ

72 842 105 868 10
122 850 208 876 τινι
233 826 453 884 ξυνελθόν
477 828 550 873 καὶ
575 829 733 873 ποιοῦν
757 824 876 888 ἄλλῳ
901 846 958 872 αυ
979 825 1235 885 προσπεσὸν
1253 824 1424 884 πάσχον
1442 821 1542 871 ἆνε-

122 896 256 957 φάνη.
296 911 408 943 ωστε
433 898 476 950 ἐξ
500 892 712 941 ἁπάντων
733 893 928 952 τούτων,
954 912 1063 950 οπερ
1089 895 1131 949 ἐξ
1156 891 1292 952 ἀρχῆς
1318 893 1541 951 ἐλέγομεν,

122 964 258 1012 οὐδὲν
283 964 396 1011 εἶναι
421 967 470 1009 ἓν
494 960 603 1009 αὐτὸ
627 960 732 1008 καθ’
762 961 891 1020 αὑτό,
928 960 1041 1007 ἄλλοί
1064 980 1152 1007 τινι
1177 962 1264 1007 αἰεὶ
1288 965 1542 1019 γίγνεσθαι,

121 1031 169 1079 τὸ
196 1030 237 1078 δ’
266 1032 379 1078 εἶναι
411 1029 692 1089 πανταχόθεν
725 1031 991 1089 ἐξαιρετέον,
1024 1027 1106 1088 οὐχ
1137 1027 1204 1076 ὅτι
1239 1027 1366 1088 ἡμεῖς
1398 1027 1539 1074 πολλὰ
1562 1036 1594 1069 Β

123 1102 196 1146 καὶ
220 1098 319 1159 ἄρτι
342 1097 662 1158 ἠναγκάσμεθα
686 1096 776 1143 ὑπὸ
800 1101 1045 1156 συνηθείας
1079 1098 1153 1143 καὶ
1185 1094 1540 1155 ἀνεπιστημοσύ-

698 1245 714 1274 ,ί

216 1290 233 1319 1
259 1282 420 1320 ὁτουοῦν
436 1286 606 1325 ἩΔΠΓ,
631 1282 792 1319 ὁτουοῦν
809 1287 858 1324 Ε,
883 1281 1027 1319 ὁτωοῦν
1045 1286 1090 1319 F.

937 1245 952 1274 ἵ
1218 1239 1344 1284 χρῆμα

1186 1285 1344 1336 χρῶμα
1361 1285 1390 1316 Ε
1402 1309 1411 1326 ,
1434 1283 1543 1327 σῶμα

123 1334 196 1371 H¹¹¹‚
215 1332 344 1387 χρῶμα
360 1334 422 1368 *ς.
469 1327 600 1365 ὁτιοῦν
617 1353 660 1357 -
683 1330 814 1374 χρῶμα
836 1339 874 1369 ς,
899 1326 1029 1364 ὁτιοῦν
1053 1349 1096 1353 -
1120 1324 1288 1373 χρώματι
1318 1329 1544 1373 χρωσθῆναι

124 1377 175 1424 τῷ
192 1376 350 1420 τοιούτῳ
372 1378 470 1416 Ast„
499 1372 632 1410 ὁτιοῦν
648 1394 692 1400 -
711 1374 868 1428 [χρῶμα]
891 1377 1008 1417 Hrm,
1037 1370 1184 1427 ὁτῳοῦν
1201 1394 1244 1399 -—-
1264 1373 1424 1427 [χρῶμα]
1454 1375 1543 1417 Cpl„

125 1413 256 1456 ὁτιοῦν
272 1441 317 1447 —-
333 1422 458 1465 χρῆμα
476 1422 674 1454 Cornarius
691 1422 779 1462 de.
789 1446 799 1464 ,
817 1416 979 1455 ὁτουοῦν
996 1443 1039 1448 —
1058 1420 1182 1464 χρῆμα
1204 1421 1300 1458 Turn,
1320 1416 1482 1454 ὁτουοῦν
1498 1441 1544 1446 -

125 1467 251 1512 σχῆμα
268 1467 478 1500 Schanzius.

124 1514 224 1546 Hrm.
243 1523 324 1545 cum
342 1511 410 1545 11²⁰
428 1515 465 1544 et
482 1512 614 1545 ceteris
633 1511 810 1544 omnibus.

589 1469 608 1499 7
627 1460 766 1509 αὐτῶν]
787 1458 837 1499 αὖ
853 1478 889 1500 τι
907 1466 1104 1499 Cornarius
1121 1474 1160 1506 ς,
1179 1460 1298 1499 αὐτὸν
1316 1464 1395 1508 ΠΜ,
1414 1459 1544 1498 αὐτῶν

921 1513 942 1545 8
960 1508 1075 1553 εἶναι]
1095 1508 1172 1544 ἔστι
1190 1511 1388 1544 Cornarius
1406 1518 1437 1546 ς.

126 1552 174 1592 ἄν
191 1570 241 1601 τῳ
260 1558 381 1592 Oarol.
400 1557 578 1599 Schmidt,
598 1557 703 1600 epist.
721 1556 770 1589 ad
786 1557 874 1592 Tur.
891 1568 925 1600 p.
944 1559 998 1590 17.

172 1684 189 1715 1
217 1676 438 1715 ὁτουοῦν-
458 1680 596 1724 σχῆμα.
628 1680 736 1714 Color
761 1679 798 1713 et

125 1727 241 1770 figura
272 1728 369 1760 inter
401 1736 439 1759 se
475 1726 681 1759 arctissime
713 1729 798 1759 sunt

126 1783 241 1813 nexa,
264 1773 318 1804 ita
340 1774 381 1804 ut
410 1775 571 1813 nequeat
600 1781 656 1804 res
678 1771 797 1804 altera

126 1818 205 1850 sine
228 1817 348 1849 altera
369 1817 541 1868 cogitari.
584 1817 693 1849 Meno
718 1817 795 1849 75ss

128 1859 220 1895 ἔστω
225 1856 308 1913 γὰρ
333 1858 380 1902 δὴ
404 1858 496 1911 ἡμῖν
520 1860 634 1894 τοῦτο
658 1860 795 1914 σχῆμα,

127 1899 147 1939 ὃ
186 1902 305 1958 μόνον
342 1906 417 1939 τῶν
453 1899 573 1938 ὄντων
616 1916 797 1949 τυγχανει

128 1947 296 2002 χρώματι
317 1944 381 1984 ἀεὶ
404 1944 602 2001 ἑπόμενον.
644 1951 797 1984 Theaet.

129 1997 229 2047 1633
248 1994 323 2029 τῶν
339 1992 409 2048 μὲν
411 1990 498 2047 γὰρ
523 1990 563 2028 τὸ
588 2004 632 2038 σχ
690 2006 713 2027 α
730 1993 796 2028 καὶ

127 2037 168 2074 τὸ
198 2040 327 2084 χρῶμα
356 2035 454 2081 ὁρᾶν
482 2050 520 2073 τε
549 2038 616 2073 καὶ
664 2039 798 2073 πίστα-

127 2087 234 2120 σθαι.
253 2086 302 2119 Μ.
313 2086 473 2125 Sensim,
489 2095 581 2128 spec.
599 2086 680 2118 crit.
694 2097 728 2128 p.
742 2086 798 2118 26.

171 2133 193 2163 4
215 2129 282 2165 καὶ
306 2126 411 2172 τότε,
437 2134 503 2164 ‘et
521 2134 645 2171 ante,
664 2131 799 2173 prius.

127 2176 388 2219 Respiciuntur
399 2175 510 2219 illap
523 2176 801 2211 153E2H21xn.

128 2221 390 2254 Stallbaumius
407 2221 455 2254 ad
472 2221 565 2253 Phil.
582 2221 675 2254 3813.

172 2268 192 2299 6
207 2261 288 2300 ἐπεὶ
302 2265 367 2300 καὶ
381 2262 424 2299 τὸ
437 2265 574 2299 ποιοῦν
587 2267 664 2299 κτλ.
674 2266 800 2299 Verba

127 2312 180 2344 sic
197 2315 280 2344 sunt
296 2311 501 2366 iungenda:
520 2305 601 2344 ἐπεὶ
615 2306 684 2344 οὐκ
699 2307 799 2344 εἶναι

125 2356 272 2409 παγίως
292 2356 436 2407 νοῆσαι
466 2351 527 2389 ἐπὶ
558 2350 644 2394 ἕνὸς
672 2350 800 2389 αὐτῶν

127 2398 169 2434 τὸ
197 2399 334 2434 ποιοῦν
361 2399 430 2434 καὶ
454 2397 495 2434 τὸ
520 2395 669 2443 πάσχον
700 2397 802 2434 εἷναί

127 2457 175 2478 τι.
215 2446 383 2479 Socrates
402 2447 719 2479 demonstraverat
740 2457 800 2478 ne-

128 2501 198 2532 que
226 2490 421 2543 αἴσθησιν
441 2485 563 2533 (ὄψιν)
594 2501 713 2545 neque
743 2487 801 2523 αἰ-

130 2530 278 2588 σθητὸν
295 2530 535 2580 (λευκότητα)
554 2537 631 2569 sive
651 2547 698 2568 τα
716 2546 795 2579 γεν-

130 2576 280 2622 νώμενα
296 2592 361 2624 per
379 2591 417 2614 se
441 2584 628 2619 constare,
655 2581 721 2614 sed
739 2581 801 2614 ad-

129 2625 343 2659 haerescere
357 2625 541 2678 αἴσθησιν
554 2624 604 2668 τῷ
617 2636 802 2668 πασχοντι

130 2663 320 2712 (ὄμματι),
361 2666 552 2714 αἰσθητὸν
593 2675 717 2704 autem
741 2671 802 2724 τῷ

130 2714 307 2748 ποιοῦντι
335 2710 447 2760 (ἄλλῳ
459 2683 551 2750 ητινὶ
581 2715 654 2750 τῶν
682 2707 802 2767 τούτῳ

133 2757 380 2811 ξυμμέτρων).
419 2762 499 2794 Iam
520 2762 657 2794 transit
680 2761 727 2794 ad
754 2756 802 2794 τοὶ

131 2804 325 2848 ςεννῶντα
343 2808 453 2848 atque
470 2817 516 2839 ne
539 2807 633 2839 haec
656 2806 801 2848 quidem

867 1692 933 1724 per
951 1690 988 1713 se
1008 1681 1185 1713 exsistere
1204 1680 1309 1713 dicit.
1341 1681 1442 1722 Quae
1462 1689 1543 1712 cum

866 1727 921 1759 ita
939 1721 1148 1777 5ἰι115,εἷναι’
1163 1737 1199 1758 τι
1223 1736 1295 1758 non
1312 1728 1438 1768 potest
1454 1735 1543 1767 pen-

868 1771 954 1804 dere
973 1782 994 1803 a
1012 1766 1053 1803 τό
1072 1769 1230 1812 ποιοῦν,
1257 1770 1322 1803 sed
1345 1781 1366 1803 a
1391 1769 1541 1812 νοῆσαι.

868 1815 1152 1850 concedendum
1198 1816 1291 1848 enim
1343 1826 1432 1848 sane
1485 1819 1543 1848 est

867 1861 1201 1894 Schleiermachero
1219 1855 1261 1893 τὸ
1285 1859 1422 1894 ποιοῦν
1439 1856 1547 1893 εἶναί

866 1917 902 1939 τι
927 1906 1000 1938 dici
1023 1906 1179 1939 alterum
1202 1905 1291 1938 illud
1323 1916 1396 1938 non
1419 1916 1541 1948 posse,

868 1952 1004 1993 quippe
1035 1951 1130 1993 quod
1159 1961 1223 1993 per
1252 1961 1291 1983 se
1319 1961 1393 1982 non
1425 1949 1543 1983 efficit

868 1996 1081 2047 quidquam,
1101 1995 1166 2028 sed
1190 1995 1406 2038 simpliciter
1423 1999 1462 2028 et
1479 1996 1542 2028 ab·

868 2040 987 2074 solute
1005 2036 1046 2074 τὸ
1063 2040 1211 2075 ποιοῦν.

915 2087 934 2119 7
959 2085 1095 2128 νοῆσαι
1112 2103 1156 2108 -
1178 2084 1324 2128 παγίως
1347 2085 1543 2117 terminum

869 2131 1075 2164 technicum
1103 2130 1393 2163 Heracliteorum
1426 2130 1543 2162 fuisse

871 2177 913 2209 O.
932 2177 1132 2217 Weberus,
1163 2179 1304 2217 quaest.
1326 2176 1426 2208 Prot.
1445 2186 1479 2217 p.
1498 2176 1543 2208 35

872 2225 979 2277 putat
1014 2224 1123 2264 atque
1152 2221 1388 2254 Heracliteos
1419 2221 1544 2254 verbis

868 2262 917 2305 ὥς
941 2276 1062 2310 φασιν
1085 2266 1311 2309 significatos
1335 2275 1427 2299 esse.
1467 2266 1544 2298 Ubi

867 2312 960 2344 enim
980 2315 1127 2354 praeter
1142 2312 1237 2344 hunc
1254 2312 1375 2344 locum
1397 2310 1545 2353 legatur

868 2357 1342 2443 erfffflatffimssgffieg't·
1357 2357 1540 2434 ἳῖἱζῗὲἒέ

869 2428 1541 2490 lem(met'aph.10082‚1062b‚1063a,

871 2491 915 2524 de
934 2492 1038 2525 caelo
1051 2492 1107 2526 111
1122 2491 1167 2533 1),
1183 2492 1228 2524 de
1241 2472 1432 2524 Heraclito
1448 2492 1543 2524 eius-

871 2547 940 2579 que
958 2537 1148 2589 discipulis
1166 2547 1369 2570 sermonem
1387 2546 1481 2569 esse.

917 2583 958 2614 12
989 2582 1095 2615 ‘Post
1114 2577 1210 2615 αλλα
1231 2592 1276 2614 ex
1304 2580 1545 2624 praecedenti

871 2622 1061 2660 οὐδενίιιὺ.
1071 2622 1198 2661 πάντα
1208 2623 1544 2660 νεΙέκαστονωοτθ

871 2672 1047 2714 loquendi
1070 2673 1149 2704 fere
1174 2672 1362 2705 constanti
1387 2681 1430 2703 ac
1453 2670 1547 2712 legi·

872 2717 972 2755 timo,
990 2717 1034 2749 de
1050 2728 1120 2760 quo
1134 2729 1168 2752 v.
1183 2718 1230 2750 ad
1245 2726 1401 2758 sympos.
1415 2716 1544 2747 192133

872 2762 1176 2795 STALLBAtmms.
1220 2761 1277 2794 Cf.
1302 2761 1350 2793 ad
1373 2771 1407 2803 p.
1427 2759 1546 2801 2040,

871 2806 987 2840 205A.
