1716 2970
681 147 1067 183 PROLEGOMENA.
1543 145 1600 189 15

167 267 324 307 sortiter
346 276 580 318 responsum
602 264 786 304 Socrates
806 261 959 306 laudat,
982 261 1050 301 sed
1073 260 1236 301 dubium
1258 273 1416 312 semper
1437 273 1479 302 se
1500 261 1594 301 hae-

168 324 267 364 sisse
288 323 401 368 dicit,
423 321 517 374 quid
540 321 589 361 de
610 320 707 360 falsa
729 320 912 371 opinione
933 323 1136 359 statueret.
1168 317 1365 370 Quidquid
1383 319 1486 358 enim
1510 319 1595 369 opi-

167 392 261 426 nor,
284 379 427 432 inquit,
451 382 517 418 aut
537 379 640 417 inter
662 389 707 416 ea
734 375 989 415 referendum
1022 379 1081 415 est
1102 386 1203 427 quae
1230 375 1376 415 scimus
1405 380 1471 414 aut
1490 376 1599 414 inter

169 449 235 482 ea,
258 448 358 489 quae
379 435 589 474 nescimus.
641 433 738 474 Cum
760 438 891 472 autem
914 432 998 472 fieri
1018 443 1097 470 non
1118 432 1261 483 possit,
1284 435 1328 470 ut
1355 433 1442 484 quis
1464 432 1595 471 sciens

168 492 312 545 aliquid
341 491 444 532 idem
473 491 622 531 nesciat
650 488 711 529 vel
731 490 912 529 nesciens
941 488 1058 533 sciat,
1095 487 1190 528 falsa
1220 488 1352 539 opinio
1382 500 1512 539 neque
1542 488 1594 527 ita

169 550 357 590 exsistere
377 552 527 600 potest,
556 551 601 586 ut
622 546 708 599 quis
738 558 781 585 ea
810 557 910 598 quae
930 546 1028 585 sciat
1054 544 1269 585 arbitretur
1298 543 1372 584 alia
1402 543 1595 596 quaedam

169 616 255 646 esse
277 617 324 645 ex
345 606 414 649 iis,
437 616 538 655 quae
558 604 674 646 sciat,
698 614 827 655 neque
849 603 920 650 ita,
949 607 992 641 ut
1013 613 1057 641 ea
1086 613 1186 653 quae
1207 602 1358 641 nesciat
1378 600 1452 641 alia
1474 612 1595 653 quae·

167 661 258 701 dam
287 673 374 701 esse
402 660 618 700 arbitretur
647 672 695 698 ex
722 659 790 704 iis,
822 671 922 711 quae
951 661 1118 703 nesciat,
1149 669 1278 710 neque
1305 659 1378 705 ita,
1417 662 1459 698 ut
1494 669 1598 710 quae

166 719 264 758 sciat
293 730 377 757 esse
405 722 517 769 putet
544 729 646 769 quae
672 716 822 755 nesciat
850 720 916 754 aut
937 726 1037 766 quae
1065 716 1214 754 nesciat
1247 726 1333 754 esse
1363 726 1464 767 quae
1484 714 1594 754 sciat.

167 773 298 820 Quare
322 785 398 813 non
421 780 480 813 est
499 772 799 813 concedendum
820 783 1056 823 quemquam
1079 771 1174 810 falsa
1195 772 1350 824 opinari
1361 769 1403 823 1).

280 831 328 870 At
348 831 516 870 fortasse
537 829 632 869 falsa
654 829 786 881 opinio
808 828 858 867 ad
878 828 917 867 id
938 827 1146 867 referenda
1169 834 1246 872 est,
1277 828 1381 879 quod
1412 839 1490 866 non
1521 832 1594 867 est.

167 887 245 927 Sed
272 898 464 939 nusquam
494 886 571 925 tale
599 885 690 938 quid
720 885 806 924 fieri
836 889 976 936 potest.
1028 883 1366 930 Quemadmodum
1396 885 1499 923 enim
1529 885 1596 936 qui

169 942 351 983 sensibus
372 942 517 995 aliquid
538 942 728 994 percipit,
759 953 840 980 non
861 945 991 993 potest
1010 941 1220 992 percipere
1248 940 1365 986 nihil,
1394 941 1446 980 ita
1477 941 1596 980 etiam

169 1001 237 1052 qui
258 1001 461 1051 opinatur,
491 998 636 1049 aliquid
668 1003 776 1037 certe
806 999 989 1049 opinetur
1017 1009 1181 1037 necesse
1210 1003 1289 1044 est,
1319 999 1466 1050 quique
1498 997 1596 1036 nihii

169 1057 375 1109 opinatur,
397 1056 429 1095 is
448 1054 565 1108 plane
585 1054 731 1094 nullam
752 1054 895 1094 habeat
915 1054 1138 1105 opinionem
1148 1052 1191 1106 2).

281 1112 461 1151 Forsitan
492 1117 621 1152 autem
645 1112 837 1164 quispiam
862 1111 1004 1150 dixerit
1023 1110 1121 1151 falsa
1143 1111 1315 1162 opinari,
1339 1111 1403 1162 qui
1425 1122 1490 1149 res
1510 1111 1595 1162 opi·

168 1168 299 1209 nando
320 1169 424 1208 inter
446 1180 487 1207 se
509 1168 735 1208 confundat.
790 1167 901 1213 Quod
925 1169 990 1220 qui
1020 1167 1130 1213 facit,
1160 1172 1226 1206 aut
1252 1167 1388 1207 ambas
1416 1180 1481 1207 res
1509 1167 1598 1217 opi·

167 1230 286 1265 natur
314 1230 381 1265 aut
409 1225 652 1264 alterutram.
703 1224 885 1275 Opinatio
907 1228 1038 1263 autem
1068 1236 1199 1263 sermo
1229 1229 1306 1269 est,
1338 1235 1454 1274 quem
1483 1235 1597 1263 mens

170 1293 306 1321 secum
326 1283 409 1332 ipsa
431 1282 547 1320 tacite
567 1280 700 1320 habet.
752 1279 848 1319 Cum
870 1286 1001 1319 autem
1024 1286 1171 1319 certam
1193 1280 1358 1320 alicuius
1386 1281 1446 1319 rei
1467 1281 1595 1319 notio-

170 1349 262 1377 nem
282 1336 418 1383 habet,
442 1343 524 1376 tum
546 1349 632 1378 eam
654 1337 807 1389 opinari
828 1336 1004 1376 dicimus.
1054 1337 1135 1376 Iam
1156 1349 1249 1376 vero
1271 1348 1472 1387 nunquam
1494 1337 1597 1376 acci-

170 1394 265 1434 dere
285 1398 426 1446 potest‚
449 1399 494 1433 ut
514 1394 602 1444 quis
622 1392 804 1438 alterum,
827 1393 931 1445 quod
953 1393 1148 1445 opinetur,
1171 1394 1276 1433 dicat
1302 1405 1388 1432 esse
1410 1392 1594 1438 alterum,

169 1449 276 1502 quod
305 1451 487 1502 opinetur
513 1450 631 1489 idem.
683 1448 813 1495 Quare
842 1449 981 1489 ambae
1011 1461 1076 1489 res
1097 1451 1201 1490 inter
1228 1461 1270 1489 se
1299 1449 1488 1489 confundi
1515 1461 1598 1488 non

167 1511 335 1559 possunt
355 1518 485 1557 neque
506 1505 708 1546 alterutra.
741 1505 878 1558 Neque
898 1507 952 1552 ei,
976 1507 1042 1557 qui
1064 1505 1226 1546 alteram
1248 1506 1372 1546 solam
1400 1506 1594 1558 opinatur,

167 1562 291 1602 tribui
312 1569 441 1614 potest
462 1562 557 1603 falsa
579 1563 734 1614 opinio;
765 1562 936 1614 alioquin
959 1562 1063 1613 quod
1085 1574 1165 1602 non
1187 1564 1371 1614 opinatur
1399 1574 1490 1602 eum
1511 1563 1596 1614 opi-

168 1619 255 1659 nari
276 1619 486 1659 dicendum
507 1624 610 1659 esset
621 1617 664 1670 3).

283 1674 390 1720 Quae
412 1687 501 1715 cum
522 1677 573 1716 ita
595 1687 637 1715 se
659 1675 849 1722 habeant,
871 1675 993 1715 falsae
1014 1676 1189 1727 opinioni
1210 1675 1320 1715 locus
1341 1688 1422 1715 non
1444 1675 1597 1715 videtur

168 1731 331 1772 relictus
360 1744 458 1772 esse.
509 1731 587 1772 Sed
618 1745 663 1772 ea
691 1743 856 1784 prorsus
883 1732 1034 1772 sublata
1057 1731 1167 1772 valde
1188 1732 1404 1772 verendum
1437 1738 1514 1778 est,
1544 1744 1596 1772 ne

169 1787 292 1828 multa
314 1788 481 1828 absurda
512 1788 765 1828 concedenda
794 1789 882 1827 sint.
927 1789 1056 1828 Unum
1086 1801 1180 1828 vero
1207 1794 1349 1835 restat,
1381 1801 1459 1841 quo
1481 1801 1596 1828 error

171 1844 414 1895 deprehendi
434 1845 568 1896 possit.
619 1845 763 1885 Iniuria
788 1846 890 1884 enim
914 1850 1028 1885 antea
1049 1845 1195 1884 dictum
1219 1857 1305 1885 esse
1335 1846 1488 1885 videtur
1508 1845 1595 1885 fieri

171 1911 254 1938 non
282 1911 418 1951 posse,
447 1907 492 1940 ut
519 1902 605 1952 quis
633 1913 734 1952 quae
762 1902 860 1941 sciat
890 1914 934 1941 ea
964 1914 1050 1941 esse
1086 1903 1270 1953 opinetur
1300 1914 1400 1954 quae
1430 1903 1593 1942 nesciat.

171 1955 364 1995 Nimirum
386 1955 486 1995 disci
507 1963 670 2007 possunt
691 1969 791 2008 quae
812 1959 898 2009 quis
920 1964 1010 1997 ante
1037 1959 1241 2008 ignoravit.
1292 1958 1373 1998 lam
1396 1958 1597 1998 mentibus

169 2011 364 2061 fingamus
384 2023 552 2051 massam
582 2025 696 2052 cerae
724 2013 931 2053 inhaerere
960 2014 1043 2053 aliis
1071 2014 1204 2060 aliam,
1228 2015 1428 2054 Musarum
1458 2016 1595 2054 matris

170 2067 445 2120 Mnemosynes
477 2068 644 2115 donum,
681 2070 719 2108 in
755 2081 831 2120 qua
870 2071 980 2121 signa
1014 2082 1148 2109 rerum
1186 2083 1284 2123 quae
1320 2071 1595 2122 percipiuntur

170 2123 349 2164 sensibus
368 2125 657 2176 imprimantur.
690 2125 802 2171 Quod
825 2132 956 2166 autem
977 2128 1027 2165 ita
1050 2139 1280 2179 expressum
1303 2133 1379 2172 est,
1403 2128 1596 2168 memoria

170 2185 352 2220 tenemus
374 2186 412 2221 et
432 2182 596 2228 561111115,
620 2182 806 2234 quamdiu
826 2183 950 2222 menti
975 2184 1057 2223 eius
1077 2184 1181 2223 inest
1200 2185 1348 2234 imago;
1373 2184 1479 2236 quod
1499 2196 1594 2224 vero

171 2236 341 2277 deletum
365 2243 423 2277 est
443 2243 508 2277 aut
530 2240 696 2291 exprimi
717 2251 796 2278 non
818 2241 963 2291 potuit,
987 2239 1253 2279 obliviscimur
1275 2245 1314 2279 et
1342 2241 1538 2281 nescimus
1548 2239 1591 2293 ⁴¹).

170 2292 282 2339 Quod
311 2294 343 2332 si
363 2294 414 2334 ita
436 2295 639 2346 ponimus,
671 2295 766 2335 falsa
791 2297 924 2347 opinio
945 2301 984 2335 et
1012 2308 1126 2336 error
1153 2298 1206 2336 ita
1237 2302 1367 2348 potest
1395 2299 1521 2344 nasci,
1553 2305 1595 2337 ut

170 2350 257 2402 quis
285 2361 385 2401 quae
414 2351 512 2390 sciat
537 2351 654 2391 modo
684 2364 771 2391 esse
800 2364 844 2391 ea
874 2353 1077 2405 opinetur,
1108 2366 1208 2406 quae
1237 2355 1353 2399 sciat,
1385 2355 1503 2393 modo
1534 2367 1592 2399 ea,

169 2417 271 2458 quae
300 2407 460 2446 nesciat.
513 2407 688 2454 Quatuor
720 2413 848 2448 autem
877 2414 969 2448 sunt
1001 2421 1147 2461 genera
1183 2410 1411 2455 modorum,
1449 2410 1594 2461 quibus

170 2474 269 2514 quae
298 2464 475 2502 sciuntur
506 2464 565 2504 vel
603 2465 875 2516 percipiuntur
903 2465 1092 2506 confundi
1126 2478 1206 2506 non
1241 2473 1418 2519 possunt.
1467 2468 1594 2519 Atque

169 2519 300 2570 primo
323 2520 480 2570 quidem
502 2522 640 2572 generi
660 2521 736 2560 hoc
758 2526 816 2561 est
836 2533 1064 2568 commune,
1087 2528 1129 2562 ut
1149 2528 1287 2575 agatur
1308 2524 1356 2563 de
1377 2523 1458 2563 sola
1481 2535 1592 2564 men-

169 2575 221 2614 tis
242 2576 381 2615 notitia
402 2588 502 2628 quae
523 2578 712 2616 memoria
745 2582 901 2617 tenetur
922 2580 1178 2632 perceptione
1200 2579 1377 2625 exclusa,
1407 2581 1446 2619 in
1468 2580 1592 2619 altero

171 2631 298 2681 agitur
319 2632 368 2672 de
389 2631 470 2672 sota
493 2635 748 2685 perceptione
768 2646 956 2674 sensuum
985 2636 1143 2675 exclusa
1163 2637 1375 2682 memoria,
1407 2637 1445 2675 in
1474 2637 1592 2675 tertio

172 2688 304 2726 notitia
327 2694 366 2727 et
385 2690 588 2741 perceptio
610 2692 660 2729 ita
682 2695 885 2742 ponuntur
913 2693 1162 2739 coniunctae,
1191 2698 1234 2732 ut
1264 2705 1328 2739 ea,
1360 2705 1459 2744 quae
1487 2703 1604 2742 nunc,

263 2820 296 2861 1)
316 2832 349 2864 p.
365 2823 643 2858 187A—1880.
717 2826 752 2866 2)
772 2836 803 2858 c.
817 2825 939 2859 XXXI
957 2837 990 2869 p.
1009 2827 1285 2861 lsSD—189B.
1357 2826 1393 2869 3)
1408 2836 1437 2862 0.
1449 2826 1591 2860 XXXII

170 2876 204 2908 p.
232 2866 507 2902 1893—1901-3.
599 2870 636 2911 4)
663 2868 720 2902 cf.
747 2881 820 2903 van
844 2871 1030 2905 Heusdius
1054 2872 1091 2904 ΙΙ
1115 2874 1135 2906 3
1159 2882 1193 2915 p.
1220 2873 1284 2904 162
1309 2882 1364 2915 sq.
