1748 2950
607 105 677 146 AD
711 104 1037 171 SOPI—HSTAM.
1453 106 1510 147 25

268 219 463 269 Quoniam
502 219 626 269 igitur
662 213 713 257 τὸ
755 212 806 256 ὄν
848 223 890 256 et
927 211 977 258 τὸ
1007 211 1070 268 μὴ
1105 211 1157 256 ὄν
1188 217 1510 268 parem'habent

153 275 462 320 dubitationem..
490 288 564 326 age
593 274 941 325 expel·iamnr,·au
972 278 1182 323 utramque
1211 274 1350 311 eadem
1385 289 1510 326 opera

153 333 303 371 tollere
349 345 395 370 ac
435 343 643 370 removere
683 331 896 381 possimus.
974 331 1221 378 Quaeramus
1261 343 1383 379 ergo,
1429 343 1509 381 quo

154 396 273 439 pacto
313 388 434 426 liceat
469 400 588 424 unum
627 386 813 436 idemque
851 387 991 425 multis
1030 387 1257 424 nominibus
1298 387 1503 436 insignire.

155 444 294 483 Veluti
324 457 443 495 quum
473 444 604 482 eidem
635 443 787 480 homiui
819 445 1051 483 tribuuntur
1081 443 1220 490 color,
1260 444 1507 494 magnitudo,

154 500 302 552 figura,
331 501 522 548 virtutes,
551 499 664 546 vitia,
696 498 786 539 alia.

266 611 435 662 Triplex
476 616 608 650 autem
648 612 715 650 hic
754 611 936 662 suppetit
974 612 1089 649 ratio.
1160 611 1242 650 Aut
1281 612 1387 649 enim
1418 611 1508 650 ficri

153 679 229 705 non
270 674 429 717 potest,
469 673 515 705 ut
555 681 630 705 una
670 667 890 717 eademqne
927 680 996 704 res
1028 668 1141 717 plura
1171 681 1217 705 ac
1247 669 1404 705 diversa
1436 669 1507 705 ha-

151 724 247 762 beat
288 725 480 762 attributa
518 728 560 762 et
596 724 769 774 plurium
808 736 853 761 ac
891 723 1138 761 diversarum
1170 725 1348 762 idearum
1381 725 1507 773 parti-

153 781 263 830 ceps¹
290 781 371 827 sit3
411 785 479 818 aut
513 780 604 818 fieri
643 784 802 831 potest,
842 784 887 817 nt
925 783 1123 829 quotquot
1162 786 1255 817 sunt
1298 776 1506 827 attributa,

153 848 200 873 ea
232 837 362 874 onmia
391 836 428 873 in
462 836 627 874 eandem
658 849 745 874 rem
777 836 1037 880 conveniant;
1067 839 1135 872 ant
1166 836 1339 885 denique
1368 840 1508 886 potest

152 892 263 939 fieri,
296 897 340 930 ut
370 894 560 942 quaedam
591 895 743 930 tantum
777 892 909 929 eidem
940 891 1000 928 rei
1028 892 1281 942 attribuenda
1305 893 1399 938 sint,
1430 892 1508 929 alia

151 959 230 986 non
262 949 342 986 sint
371 948 635 986 attribuenda.
696 948 754 985 lssx
785 948 848 985 his
880 948 1051 998 primum
1082 959 1128 984 ac
1158 947 1379 985 secundum
1401 947 1506 985 falso

151 1005 361 1042 statuitur:
401 1005 444 1042 id
483 1004 589 1054 quod
626 1005 822 1042 evincitur
865 1004 940 1041 hac
971 1004 1139 1043 ratione.
1198 1003 1240 1040 Si
1272 1005 1377 1041 enim
1408 1003 1507 1041 nihil

153 1061 366 1109 quidquam
397 1073 485 1098 eum
519 1060 597 1098 ulla
626 1073 670 1098 re
694 1060 863 1097 haberet
885 1059 1218 1105 communionem,
1250 1071 1506 1108 consequens

153 1122 287 1162 esset,
318 1121 362 1155 ut
392 1129 466 1154 nec
497 1121 628 1154 motus
659 1122 728 1154 ant
756 1120 884 1154 slatus
915 1128 1010 1152 vere
1040 1128 1132 1152 esse
1159 1122 1320 1166 posset3
1354 1121 1507 1154 utrum-

154 1185 231 1222 que
271 1174 374 1210 enim
416 1173 640 1210 seiunctum
681 1172 790 1210 soret
827 1185 873 1209 ac
915 1175 1173 1222 segregatum
1212 1172 1260 1209 ab
1293 1172 1508 1210 existentia

155 1224 322 1280 (εἶναι).
380 1228 440 1266 Ita
467 1229 590 1279 igitur
619 1229 739 1267 etiam
771 1240 912 1266 eornm
943 1232 1139 1278 protenus
1180 1228 1414 1266 concideret
1440 1241 1511 1266 ra-

152 1285 233 1331 tio,
275 1285 343 1334 qui
377 1284 440 1322 vel
478 1296 615 1323 rerum
657 1286 959 1323 universitatem
1000 1288 1183 1330 movent,
1219 1284 1283 1321 vel
1313 1288 1358 1322 ut
1389 1296 1511 1322 unum

155 1341 324 1387 sistunt,
356 1341 420 1378 vel
454 1341 674 1379 secundnm
704 1342 865 1391 species
898 1344 940 1378 et
972 1339 1123 1378 formas
1147 1340 1418 1378 immutabiles
1440 1352 1510 1377 vo-

154 1396 245 1435 lunt
284 1397 360 1434 sibi
398 1410 560 1447 semper
590 1402 776 1435 constare
807 1401 850 1435 et
879 1408 1042 1443 manere
1073 1397 1370 1445 sempiternam.
1428 1395 1513 1434 Ne-

153 1465 234 1503 que
273 1453 440 1491 aliorum
483 1453 818 1504 philosophorum
850 1453 1098 1499 sententiae,
1137 1453 1187 1490 de
1217 1453 1361 1502 quibus
1393 1455 1512 1491 antea

153 1509 305 1547 mentio
336 1513 400 1547 est
429 1510 597 1557 iniecta,
629 1510 712 1547 ullo
743 1510 864 1548 modo
895 1508 1105 1546 habiturae
1143 1512 1283 1546 esseut
1320 1521 1398 1558 quo
1437 1507 1511 1545 de-

153 1565 430 1603 fenderentur.
499 1565 579 1603 lam
616 1566 652 1604 si
691 1578 829 1603 verum
868 1568 1003 1611 esset,
1047 1565 1155 1614 quod
1201 1565 1380 1604 secundo
1420 1564 1512 1602 loco

152 1621 386 1672 posuimus,
427 1622 559 1659 omnia
596 1621 747 1660 habere
779 1622 886 1659 inter
916 1633 962 1658 se
993 1620 1309 1658 communicandi
1339 1620 1511 1658 faculta-

152 1683 259 1724 tem,
290 1682 549 1727 sequeretur,
583 1679 692 1728 quod
720 1678 854 1728 longe
875 1681 940 1715 est
969 1677 1314 1724 absurdissimum,
1345 1682 1391 1714 ut
1420 1688 1507 1714 mo-

152 1738 219 1771 tus
250 1738 380 1771 staret
408 1746 455 1772 ac
482 1734 657 1772 vicissim
685 1738 816 1772 status
843 1738 1085 1771 moveretur.
1143 1733 1402 1783 Relinquitur
1431 1733 1508 1782 igi-

153 1793 223 1828 tur
253 1790 437 1835 tertium,
469 1793 513 1826 ut
542 1790 618 1828 alia
647 1802 735 1828 cum
768 1790 855 1828 aliis
887 1789 1153 1835 commisceri,
1185 1789 1259 1826 alia
1290 1802 1368 1827 non
1398 1801 1509 1827 com-

153 1845 316 1883 misceri
355 1844 617 1883 existimanda
655 1846 746 1885 sint.
814 1845 931 1894 Quod
970 1846 1005 1883 si
1033 1845 1089 1883 ita
1120 1849 1209 1892 est,
1245 1845 1386 1883 eadem
1419 1845 1509 1882 sere

153 1901 221 1940 hic
250 1902 354 1939 ratio
386 1902 562 1948 obtinet,
595 1914 695 1952 quae
726 1906 789 1940 est
818 1902 1068 1948 litterarum,
1109 1914 1274 1951 quarum
1316 1902 1417 1939 aliae
1448 1902 1533 1938 in-'

155 1961 220 1996 ter
258 1970 304 1995 se
344 1958 582 2004 concinunt,
623 1957 722 1995 aliae
761 1969 840 1996 non
880 1958 1104 2001 concinunt.
1162 1958 1509 2006 Quemadmodum

155 2018 289 2052 autem
329 2020 417 2052 arte
456 2014 713 2064 grammatica
750 2026 850 2064 opus
891 2017 976 2060 est,
1023 2017 1070 2051 ut
1110 2019 1225 2051 recte
1265 2014 1507 2060 diudicetur,

155 2082 259 2119 quae
298 2070 460 2108 litterae
501 2070 708 2120 coniungi,
749 2082 851 2119 quae
889 2081 968 2108 non
1009 2069 1196 2120 coniungi
1237 2074 1406 2119 queant3
1453 2070 1510 2107 ita

158 2127 279 2163 etiam
316 2127 538 2175 requiritur
578 2138 642 2163 ars
684 2125 896 2175 quaedam,
927 2125 1054 2163 sicubi
1084 2127 1216 2176 agitur
1245 2127 1298 2164 de
1326 2127 1510 2164 idearum

155 2183 446 2219 coniunctione.
516 2182 574 2219 lCa
611 2194 708 2219 vero
750 2186 812 2220 est
851 2182 1187 2229 dialecticas
1220 2195 1321 2232 quae
1351 2182 1510 2219 illarum

157 2242 200 2275 et
229 2239 545 2276 convenientiam
577 2241 619 2277 et
648 2237 913 2276 differentiam
944 2239 1112 2276 rimatur
1143 2252 1188 2276 ac
1218 2240 1320 2277 scite
1351 2238 1510 2276 subtili-

158 2298 303 2343 terque
334 2294 525 2332 diiudicat
556 2293 612 2344 (ι.
643 2307 735 2333 ann.
767 2295 816 2332 ad
847 2307 886 2344 p.
915 2294 1016 2334 253.
1048 2294 1129 2346 D.).
1190 2295 1317 2344 Quam
1349 2295 1509 2345 quidem

157 2355 284 2388 artem
329 2352 366 2388 ei
407 2355 559 2389 tantum
601 2355 718 2388 recte
755 2351 1002 2396 tribuemus,
1042 2352 1108 2400 qui
1147 2351 1306 2389 sincere
1344 2355 1387 2389 et
1416 2363 1513 2390 vere

158 2405 480 2457 philosophatur.
538 2407 628 2444 Iloc
658 2407 761 2444 enim
794 2406 1026 2457 philosophi
1055 2420 1196 2445 munus
1227 2420 1320 2445 esse
1351 2408 1515 2445 nomine

159 2474 232 2499 suo
270 2475 365 2500 vere
403 2463 533 2514 digni,
573 2462 787 2513 postmodo
826 2462 1070 2510 videbimus,
1110 2464 1143 2501 si
1185 2476 1260 2512 qna
1298 2464 1412 2501 nobis
1440 2463 1512 2503 ad-

158 2518 238 2555 huc
273 2518 502 2557 volentibus
541 2519 679 2558 suerit.
739 2518 828 2557 lloc
868 2519 958 2556 loco
987 2518 1086 2556 illud
1116 2523 1271 2558 tantum
1306 2520 1512 2558 monuisse

158 2574 330 2621 iuvabit,
366 2576 471 2612 inter
511 2574 800 2626 philosophum
831 2578 874 2612 et
904 2575 1126 2625 sophistam
1157 2577 1198 2614 id
1227 2577 1396 2614 maxime
1427 2577 1514 2614 dis-

159 2630 337 2669 criminis
367 2631 643 2679 intercedere,
675 2631 783 2682 quod
812 2631 996 2683 sophista
1027 2644 1122 2671 sese
1150 2633 1191 2671 in
1211 2633 1402 2672 tenebras
1425 2633 1513 2670 eius
