1748 2950
61 510 76 535 5

47 851 79 876 10

47 1191 79 1217 15

47 1534 80 1559 20

643 96 943 132 ΘΕΑΙΤΗΤΟΣ.
1427 91 1508 135 185

196 225 296 266 Σῼ.
336 213 396 264 Ἦ
413 218 556 270 καλῶς
579 216 732 274 λέγεις.
780 213 834 259 τὰ
867 213 917 259 δὲ
943 210 998 271 δὴ
1023 210 1231 270 ἐπιστητὰ
1260 213 1402 257 ταῦτα
1436 212 1510 257 καὶ

93 286 152 347 μὴ
176 289 240 347 πῇ
263 284 427 346 διῄρει,
452 286 573 343 λέγε,
599 288 641 330 εἰ
669 281 754 343 ἄρα
779 280 888 328 κατὰ
920 278 1056 327 ταύτὰ
1089 278 1146 326 σύ
1178 297 1226 325 τε
1250 277 1372 338 κάγώ
1404 277 1509 338 ἀκη-

94 355 269 415 κόαμεν.

197 429 355 479 ΘΕΑΙ.
398 419 518 468 ”Αλλ
554 421 637 466 οὐκ
669 419 769 466 οἶδα
804 422 845 465 εἰ
877 415 1119 477 ἐξευρήσω·
1154 418 1358 475 λέγοντος
1382 413 1507 475 μέντ’

94 489 150 539 ἂν
175 493 350 548 ἑτέρου,
376 487 435 543 ὥς
460 482 649 550 ἐγῷμαι,
673 485 1035 546 ἀκολουθήσαιμι.

195 555 438 605 XXXIX.
487 564 586 604 Σῼ.
615 555 774 603 ’Ἀκουε
800 553 902 613 δὴ”
878 574 988 614 οναρ
1012 551 1111 601 ἀντὶ
1134 552 1372 612 ὀνείρατος.
1425 550 1510 611 ε’γω

94 627 178 687 γὰρ
202 621 259 673 αὖ
284 625 470 673 ἐδόκουν
494 623 675 672 ἀκούειν
698 628 834 671 τινῶν
857 642 923 669 οτι
946 621 999 668 τὰ
1016 641 1099 682 μεν
1117 624 1268 682 πρῶτα
1286 621 1509 680 οἰονπερεὶ
1534 632 1564 664 Ε

96 707 310 755 στοιχεῖα,
337 698 379 750 ἐξ
406 713 469 741 ων
487 693 612 753 ἡμεῖς
630 712 676 739 τε
696 696 969 751 συγκείμεθα
994 691 1066 737 καὶ
1085 685 1247 749 τᾶλλα,
1272 688 1407 748 λόγον
1430 687 1513 736 οὐκ

95 769 197 824 ἔχοι.
247 760 357 809 αὐτὸ
390 762 475 822 γὰρ
509 759 616 808 καθ’
651 760 757 807 αὑτὸ
791 762 978 806 ἕκαστον
1009 756 1226 818 ὀνομάσαι
1257 756 1396 817 μόνον
1430 764 1513 816 εἴη,

97 842 355 891 προσειπεῖν
388 831 438 877 δε
471 829 609 877 οὐδὲν
632 829 739 875 ἄλλο
773 828 992 886 δυνατόν,
1018 824 1124 873 οὔθ’
1153 823 1211 880 ὥς
1236 832 1381 885 ἔστιν,
1406 823 1512 873 οὔθ’

98 900 155 954 ὥς
179 897 261 946 οὐκ
286 904 424 946 ἔστιν
451 898 538 957 ἤδη
561 894 687 957 γὰρ
669 895 725 943 ἂν
748 895 909 943 οὐσίαν
926 891 954 955 ἢ
978 894 1036 955 μὴ
1056 892 1217 942 ουσίαν
1236 892 1357 957 αὐτῷ
1375 908 1514 954 προσ-

97 973 330 1026 τίθεσθαι,
366 971 463 1014 δεῖν
489 967 538 1013 δὲ
569 964 706 1013 οὐδὲν
737 967 1031 1025 προσφέρειν,
1066 970 1190 1023 εἴπερ
1223 962 1331 1010 αὐτὸ
1369 965 1514 1010 ἐκεῖνο

95 1034 233 1096 μόνον
256 1055 321 1090 τις
347 1037 447 1095 ἐρεῖ.
498 1036 592 1081 ἐπεὶ
617 1032 725 1080 οὐδὲ
755 1032 803 1079 τὸ
829 1030 937 1079 αὐτὸ
961 1030 1069 1079 οὐδὲ
1093 1031 1141 1078 τὸ
1167 1034 1309 1078 ἐκεῖνο
1334 1028 1441 1078 οὐδὲ
1465 1029 1514 1077 τό

98 1107 282 1151 ἕκαστον
313 1100 419 1150 οὐδὲ
451 1102 498 1149 τὸ
531 1101 670 1162 μόνον
703 1100 809 1148 οὐδὲ
842 1101 890 1147 τό
927 1103 1059 1147 τοῦτο
1092 1102 1380 1160 προσοιστέον
1411 1098 1509 1147 οὐδ’

97 1172 207 1218 ἅλλα
240 1170 379 1218 πολλὰ
415 1175 606 1218 τοιαῦτα.
654 1173 795 1216 ταῦτα
829 1170 912 1229 μὲν
944 1167 1029 1228 γὰρ
1062 1171 1375 1229 περιτρέχοντα
1406 1172 1515 1215 πᾶσι

97 1242 433 1298 προσφέρεσθαι
465 1241 591 1297 ἕτερα
622 1238 728 1285 ὄντα
761 1241 945 1284 ἐκείνων
977 1234 1043 1291 οἷς
1079 1243 1394 1296 προστίθεται,
1420 1241 1516 1284 δεῖν

100 1310 164 1366 δέ,
190 1316 314 1368 εἴπερ
339 1300 395 1366 ἦν
419 1306 614 1354 δυνατὸν
638 1304 747 1352 αὐτὸ
773 1309 981 1365 λέγεσθαι
1005 1307 1079 1351 καὶ
1104 1306 1222 1365 εἶχεν
1245 1310 1412 1352 οἰκεῖον
1437 1304 1517 1351 αὖ·

98 1378 177 1423 τοῦ
203 1374 358 1435 λόγον,
391 1373 499 1422 ἄνευ
531 1380 621 1422 τῶν
652 1373 800 1421 ἄλλων
831 1373 1042 1421 ἁπάντων
1074 1375 1298 1433 λέγεσθαι.
1345 1375 1435 1421 νῦν
1468 1374 1517 1420 δὲ

98 1443 322 1491 ἀδύνατον
347 1443 460 1490 εἶναι
484 1443 634 1490 ὁτιοῦν
658 1445 747 1489 τῶν
765 1442 952 1501 πρώτων
972 1445 1167 1503 ῥηθῆναι
1191 1441 1328 1505 λόγῳ·
1355 1441 1409 1489 οὐ
1427 1441 1514 1501 γὰρ

100 1512 213 1559 εἶναι
238 1510 347 1558 αὐτὸ
370 1509 468 1558 ἀλλ’
507 1509 534 1570 ἢ
566 1509 858 1570 ὀνομάζεσθαι
893 1509 1053 1571 μόνον·
1088 1509 1230 1570 ὄνομα
1262 1510 1347 1571 γὰρ
1379 1509 1519 1571 μόνον

99 1585 232 1640 ἔχειν·
281 1579 334 1626 τὰ
378 1581 427 1626 δὲ
469 1582 516 1626 ἐκ
563 1579 735 1626 τούτων
778 1577 865 1638 ἤδη
905 1584 1173 1638 συγκείμενα
1216 1577 1364 1639 ὥσπερ
1406 1576 1519 1626 αὐτὰ

189 1716 208 1746 5
232 1710 540 1771 οἶκολουθήσαιμι
564 1712 919 1750 ΛΞΣῩΖΥΟΗΒἏΒ
938 1714 1011 1755 (Be)
1035 1714 1124 1747 Blek.
1136 1708 1517 1770 ,ἆκολουθησαίμην

265 1761 285 1792 7
303 1761 458 1802 οῖονπερ
476 1769 510 1792 ει
527 1759 575 1802 ⁵21,
601 1755 811 1811 οἷονπερεὶ
810 1759 892 1792 ΔΠ
906 1758 1013 1798 Bkk„
1039 1740 1213 1802 οἷαπερεὶ
1230 1767 1262 1796 ς.
1373 1761 1413 1792 12
1432 1758 1518 1793 δεῖν

101 1803 223 1837 A³H¹³
238 1805 349 1846 de„
376 1803 441 1837 δεῖ
456 1812 488 1840 5.
613 1806 655 1836 14
677 1800 719 1837 τὸ
743 1802 855 1838 τοῦτο
872 1805 962 1856 ζίάΓ.
981 1805 1024 1838 de
1043 1806 1273 1855 coniectura,
1291 1799 1334 1838 τὸ
1351 1799 1394 1838 τὰ
1411 1805 1518 1837 Butt-

100 1859 265 1890 mannus‚
283 1848 393 1883 τοῦτο
411 1857 443 1884 ς.
523 1851 563 1882 17
581 1844 701 1882 αὑτοῦ
719 1851 821 1892 Hdfi,
840 1844 959 1883 αὐτοῦ
978 1859 999 1886 5
1076 1851 1119 1883 20
1137 1844 1231 1884 αὐτὸ
1248 1850 1295 1883 Η.
1313 1851 1516 1889 Bonitzius,

101 1895 189 1938 spic.
206 1906 241 1938 p.
257 1875 321 1935 '24,
341 1889 442 1939 αὐτῷ
460 1902 481 1930 ς
499 1905 580 1927 cum
596 1895 710 1928 libris.
803 1897 845 1927 21
865 1892 942 1938 ἔχει
960 1896 1089 1931 ςἸΔΠ.

99 1759 157 1794 *5-

101 2011 175 2047 est
210 2008 357 2050 opinor,
388 2007 678 2040 additamentum
706 2007 773 2039 hoe

100 2047 238 2086 οὑτωσὶ
261 2051 327 2085 καὶ
348 2033 558 2096 ὀνομάζων.
599 2054 654 2085 De
679 2056 772 2085 stru-

101 2101 207 2131 otura
223 2098 332 2131 huius
348 2099 422 2131 loci
439 2099 535 2133 conf.
551 2098 773 2131 simillimum

99 2143 244 2176 locum
235 2154 273 2175 m
291 2143 398 2199 Gorg.
416 2144 533 2177 4938.
542 2146 551 2162 '
570 2144 712 2178 men.

145 2189 166 2221 6
194 2199 288 2230 οναρ
307 2183 394 2221 α’ντὶ
411 2182 618 2229 ὁνεικρατος
664 2189 771 2222 Plato

102 2234 212 2266 etiam
237 2232 336 2266 Crat.
364 2234 486 2274 4390,
517 2235 581 2267 ubi
606 2234 649 2266 de
679 2235 772 2267 ideis

103 2279 336 2334 expositurus
368 2282 444 2321 est,
487 2279 592 2312 dicit:
635 2277 774 2332 σκέψαι

101 2335 172 2375 γαρ
195 2342 239 2347 —-
261 2335 281 2357 ο
315 2321 430 2368 ἔγωγε
461 2319 645 2363 πολλάκις
674 2319 773 2359 ὄνει-

102 2365 240 2420 ρώττω.

147 2415 168 2446 8
196 2409 303 2457 λόγος
331 2415 365 2448 h.
398 2415 421 2447 1.
453 2417 508 2447 est
538 2414 772 2456 definitio,

105 2459 370 2501 explicatio,
403 2471 495 2503 quae
525 2471 628 2492 suum
655 2460 774 2493 locum

103 2503 215 2537 habet
242 2505 279 2536 in
308 2506 517 2548 compositis
547 2505 690 2538 demum
719 2516 774 2538 re-

103 2550 188 2590 bus;
213 2549 483 2592 simplicissima
512 2554 635 2583 autem
666 2561 775 2594 quae-

105 2603 174 2636 que
207 2594 387 2629 elementa
415 2607 487 2629 non
523 2600 675 2639 possunt
704 2597 776 2628 nisi

106 2639 294 2671 nominari.

152 2686 189 2715 11
214 2679 288 2736 ἤδη
306 2681 394 2728 γάρε
414 2686 654 2739 ‘alioquin
661 2687 774 2719 enim

105 2729 189 2760 iam
222 2723 386 2763 οὐσίαν
429 2735 470 2764 et
506 2729 563 2774 μὴ
605 2725 774 2765 οὐσίαν

104 2774 207 2807 huie
224 2773 448 2809 additum·
439 2777 508 2810 ui.
516 2780 526 2796 ³
544 2778 683 2812 Hssmn.

150 2821 192 2853 15
219 2817 506 2865 περιτρέχοντα,
538 2833 649 2865 quae
674 2823 773 2855 ubi-

843 2019 924 2051 que
955 2009 1103 2041 locum
1131 2009 1319 2050 habent,
1356 2009 1520 2063 vulga-

843 2055 921 2086 ria.
965 2053 1024 2086 Cf.
1048 2054 1143 2087 Phil.
1168 2054 1252 2087 15D
1282 2051 1415 2106 Φαμέν
1442 2065 1519 2088 που

841 2093 983 2132 ταύτὸν
997 2095 1042 2133 ἓν
1065 2098 1131 2132 καὶ
1155 2096 1279 2133 πολλὰ
1303 2095 1379 2133 ὑπὸ
1398 2095 1519 2154 λόγων

842 2139 1050 2199 γιγνόμενα
1102 2141 1339 2196 περιτρέχειν
1392 2144 1519 2190 πάντῃ

842 2183 937 2223 καθ’
958 2186 1117 2224 ἕκαστον
1135 2189 1208 2224 τῶν
1219 2187 1452 2242 λεγομένων.

889 2237 929 2269 19
966 2232 1141 2278 ῥηθῆναι
1185 2231 1281 2280 λόγῳ
1325 2236 1520 2270 ‘dicuntur

845 2291 955 2324 quae
1003 2281 1301 2324 explicantur
1348 2282 1519 2315 defini-

843 2327 985 2367 tione,
1012 2327 1123 2378 quod.
1132 2328 1331 2370 opponitur
1353 2327 1405 2371 τῷ
1434 2322 1519 2361 ὀνο-

843 2365 1035 2413 μαζεσθαι
1074 2367 1203 2415 μόνον.
1256 2384 1290 2407 v
1332 2373 1380 2405 ad
1421 2373 1520 2409 Crat.

843 2417 957 2450 399A.
962 2420 972 2436 '
993 2418 1153 2451 STALLB.

889 2456 934 2496 οὗ
950 2457 1023 2506 ’γάρ
1043 2459 1143 2496 εἶναι
1162 2464 1186 2495 i.
1206 2474 1238 2495 e.
1263 2474 1308 2496 ου
1327 2458 1408 2517 γὰρ
1417 2460 1519 2497 εἶναι

845 2505 904 2548 (=
929 2503 1098 2541 δυνατὸν
1123 2504 1250 2559 εἶναι)
1271 2503 1359 2542 ἀλλ’
1386 2521 1409 2552 η
1434 2503 1520 2543 ὄνο-

844 2551 1035 2593 μάζεσθαι
1059 2549 1177 2595 μόνον
1204 2547 1310 2589 αὐτό
1349 2555 1408 2587 Ita
1435 2565 1519 2587 con—

846 2598 1063 2631 formatione
1082 2599 1192 2641 plane
1217 2600 1314 2631 inter
1336 2610 1374 2632 se
1399 2601 1519 2633 conei-

844 2647 936 2675 nunt
969 2643 1038 2676 duo
1071 2643 1138 2676 illa
1175 2645 1384 2685 enuntiata,
1426 2656 1517 2688 quae

845 2688 1021 2731 deinceps
1053 2690 1174 2732 posita
1214 2690 1310 2722 idem
1345 2670 1384 2722 et⁷
1419 2690 1521 2723 affir-

845 2733 974 2766 mando
1010 2737 1046 2767 et
1079 2735 1253 2790 negando
1292 2734 1518 2787 significant:

843 2772 1041 2812 αδύνατον
1059 2775 1159 2812 εἶναι
1174 2775 1274 2812 ὁτιο
1287 2779 1339 2813 ῦν
1357 2781 1433 2813 κτλ.
1446 2806 1455 2823 ,
1473 2775 1519 2815 οὐ

844 2818 918 2867 γὰρ
935 2819 1036 2858 εἶναι
1053 2819 1166 2859 αυτὸ
1185 2825 1264 2860 κτλ.

1538 906 1604 938 202

1538 1454 1567 1486 B
